1648 2738
111 85 177 131 6-3
511 93 737 131 Arimin.
790 94 891 130 Acvr.
912 92 958 129 v,
993 92 1121 129 sens.
1142 91 1173 128 1.

190 218 320 268 Dum
357 221 528 267 studeo
553 219 753 282 obsequi
779 218 883 278 tibi,
907 234 1045 281 paene
1071 216 1198 263 illusi
1224 216 1368 263 vitam
1393 215 1514 263 filiae.

188 302 261 350 Si.
297 302 454 349 Immo
479 302 609 349 enim
633 318 764 348 nunc
789 316 932 363 quam
957 315 1178 347 maxume
1215 299 1297 346 abs
1332 307 1379 346 te
1412 313 1520 361 pos·

387 385 505 444 tulo,
533 393 674 446 atque
699 399 800 442 oro,
828 383 1053 441 Chreme,

135 466 163 505 5
191 465 252 514 Ut
291 466 599 526 beneficium,
641 465 799 513 verbis
841 464 1014 511 initum
1053 463 1250 523 dudum,
1290 479 1422 511 nunc
1468 479 1519 510 re

387 549 687 611 comprobes,

189 629 279 678 Ch.
317 631 460 690 Vide,
487 647 630 693 quam
655 630 849 692 iniquus
873 628 938 676 sis
961 644 1058 692 prae
1083 627 1259 687 studio,
1285 627 1398 673 dum
1425 626 1521 674 effi·

387 712 489 759 cias
514 712 564 758 id
588 711 716 774 quod
743 711 881 773 cupis
902 726 912 757 :

186 793 361 856 Neque
386 793 582 840 modum
608 792 935 857 benig-nitatis,
956 806 1130 853 neque,
1156 789 1272 853 quid
1296 805 1373 837 me
1396 804 1519 848 ores5

386 875 573 940 cogitas
595 891 605 922 :

188 957 335 1017 Nam,
357 957 396 1004 si
422 957 623 1021 cogites,
640 957 855 1004 remittas
874 956 973 1019 jam
998 971 1075 1002 me
1094 970 1297 1002 onerare
1317 953 1519 1017 injuriis.

189 1039 261 1088 Si.
297 1040 531 1091 Quibus?
605 1039 692 1086 Ch.
730 1040 842 1085 Ah!
880 1038 1096 1102 rogitas?
1147 1035 1401 1100 perpulisti
1426 1050 1519 1094 me,

387 1130 439 1168 ut
466 1121 649 1167 homini
677 1119 1056 1178 adolescentulo,

113 1210 164 1250 10
189 1203 248 1250 In
274 1203 367 1250 alio
393 1211 631 1266 occupato
658 1219 836 1261 amore,
864 1201 1139 1248 abhorrenti
1167 1201 1225 1247 ab
1250 1216 1302 1247 re
1328 1199 1518 1258 uxoria,

189 1285 364 1332 Filiam
400 1294 453 1332 ut
488 1285 652 1332 darem
695 1285 743 1332 in
792 1283 1095 1343 seditionem,
1135 1291 1276 1344 atque
1313 1281 1522 1328 incertas

387 1367 580 1430 nuptias
596 1384 607 1425 ;

190 1448 309 1512 Ejus
333 1449 514 1508 labore,
555 1459 698 1511 atque
736 1449 839 1512 ejus
881 1447 1066 1506 dolore,
1101 1455 1248 1510 gnato
1287 1454 1338 1492 ut
1378 1445 1525 1492 medi·

388 1547 524 1578 caret
548 1539 648 1579 tuo,

192 1613 497 1677 {inpetrasth
536 1612 715 1675 incepi,
741 1612 855 1658 dum
889 1627 966 1658 res
996 1610 1169 1658 tetulit.
1242 1609 1391 1656 Nunc
1428 1624 1523 1655 non

392 1697 510 1744 fert:
550 1697 686 1744 feras.

192 1778 328 1825 Illam
355 1778 471 1824 hinc
495 1777 648 1824 civem
675 1793 779 1824 esse
807 1775 966 1823 aiunt:
992 1791 1110 1838 puer
1131 1784 1202 1822 est
1226 1783 1395 1821 natus:
1435 1789 1524 1820 nos

392 1859 566 1906 missos
591 1859 708 1906 sace.

117 1952 168 1991 15
194 1941 265 1989 Si.
304 1941 395 1988 Per
420 1957 511 2005 ego
535 1949 581 1988 te
606 1940 738 1988 Deos
763 1956 866 2000 or0,
892 1950 944 1987 ut
979 1955 1040 1987 ne
1077 1939 1170 1986 illis
1208 1938 1419 1985 animum
1459 1938 1525 1986 in-

393 2022 542 2069 ducas
567 2022 780 2081 credere,

189 2102 390 2154 Quibus
431 2104 479 2151 id
526 2119 747 2151 maxume
789 2103 905 2150 utile
947 2104 1022 2162 ’st‚
1066 2102 1201 2149 illum
1238 2118 1342 2149 esse
1379 2117 1521 2163 quam

394 2185 720 2234 deterrimum.

194 2267 486 2332 Nuptiarum
512 2267 666 2331 gratia
709 2267 813 2315 haec
853 2275 964 2314 sunt
1001 2266 1114 2314 ficta
1156 2275 1297 2329 atque
1333 2266 1524 2328 incepta

391 2364 568 2397 omnia.

1638 2550 1641 2584 ,Δ
1635 2423 1641 2540 —4--00-
1631 2284 1639 2410 ..a-ms„
