1648 2738
384 81 602 121 ANDmA.
654 81 756 118 Aer.
775 79 826 115 11.
863 78 989 115 sm«.
1006 77 1042 113 ὁ.
1377 64 1442 111 35

60 211 158 259 Da.
195 207 462 256 Obmutuit.
554 206 652 268 By.
687 202 825 253 Quid
865 199 1010 247 dixit!
1097 197 1168 244 Si.
1206 195 1367 255 Facis,

254 298 305 336 ut
328 298 374 335 te
399 288 553 344 decet,
1394 287 1445 327 10

59 373 184 419 Cum
209 371 347 427 istuc,
373 367 500 429 quod
523 365 728 428 postulo,
754 363 955 425 impetro
979 376 1090 408 eum
1114 359 1281 423 gratia.

61 452 163 499 Da.
202 451 319 496 Sum
353 449 527 495 verus?
595 446 695 508 By.
734 443 910 502 Herus,
947 449 1177 504 quantum
1213 438 1372 498 audio,

256 545 404 576 uxore
428 527 618 575 excidit.

64 613 134 660 Si.
171 611 195 658 I
218 626 347 658 nunc
378 609 474 672 jam
500 608 649 664 intr03
688 621 748 673 ne
773 605 821 651 in
846 603 996 662 more,
1021 617 1132 648 cum
1156 616 1275 663 opus
1299 599 1375 658 sit,

261 692 367 737 sieS.

66 774 163 820 Pa.
202 771 290 818 Εο.
372 770 471 831 By.
508 768 721 814 Nullane
757 766 805 812 in
840 780 891 811 re
925 779 1029 811 esse
1064 761 1246 809 homini
1283 760 1382 807 eui-

264 866 403 912 quam
428 849 570 895 fidem
591 849 600 894 !

68 935 246 979 Verum
274 930 388 977 illud
413 930 608 975 verbum
633 936 719 985 est,
744 926 887 989 vulgo
911 923 1038 986 quod
1063 922 1160 969 diei
1185 921 1320 980 solet,
1409 933 1458 972 15

68 1013 254 1060 Omnes
277 1010 367 1057 sibi
392 1009 530 1055 malle
554 1007 724 1054 melius
749 1021 868 1063 esse,
894 1020 1035 1065 quam
1062 1002 1209 1049 alteri.

70 1093 177 1156 Ego
202 1091 330 1138 illam
357 1089 450 1136 vidi
475 1088 722 1151 virginem,
750 1085 928 1132 forma!
966 1083 1094 1130 bonai

72 1171 275 1219 Memini
300 1170 486 1216 videre:
523 1183 617 1230 quo
642 1166 820 1228 aequior
846 1180 950 1211 sum
977 1161 1245 1225 Pamphilo,

74 1253 128 1300 Si
173 1268 224 1299 se
270 1251 398 1298 illam
444 1249 493 1296 in
539 1247 735 1305 somnis,
779 1261 920 1307 quam
966 1243 1117 1302 illum,
1167 1241 1389 1305 amplecti

268 1331 447 1378 maluit.

75 1412 403 1470 RenuntiabO,
429 1419 480 1457 ut
502 1425 588 1472 pro
613 1409 706 1455 hoe
731 1406 856 1453 malo
880 1404 997 1452 mihi
1023 1404 1102 1451 det
1133 1404 1324 1451 malum.
1416 1404 1469 1446 20

583 1684 787 1731 SCENA
818 1683 895 1728 VI.

544 1826 731 1874 DAvus.
797 1826 940 1873 Smo.

151 1976 251 2024 Da.
289 1975 388 2022 H1c
408 1990 537 2022 nune
559 1990 634 2021 me
654 1973 806 2020 credit
827 1972 1031 2034 aliquam
1051 1971 1142 2018 sibi
1163 1970 1400 2018 fallaciam

86 2058 298 2116 Portare,
323 2065 371 2104 et
395 2056 452 2103 eei
476 2071 552 2102 me
576 2055 655 2102 hie
680 2053 908 2101 restitisse
933 2053 1101 2117 gratia.

90 2138 160 2185 Si.
193 2137 330 2188 Quid
365 2136 528 2183 Davus
559 2136 750 2182 narrat?
821 2133 922 2180 Da.
962 2132 1119 2195 AEque
1144 2132 1403 2195 quidquam

286 2233 415 2264 nuno
440 2216 646 2278 quidem.

95 2298 165 2346 Si.
201 2297 435 2347 Nihilne?
487 2296 622 2343 hem!
716 2294 816 2342 Da.
855 2293 989 2341 Nihil
1030 2309 1224 2358 prorsus
1329 2290 1403 2341 si.

293 2377 441 2439 Atqui
465 2376 795 2439 exspectabam
820 2375 1024 2437 quidem.
