1648 2738
126 102 197 152 26
533 107 756 147 ANDmA.
810 108 913 146 Aer.
932 106 983 145 11.
1019 107 1148 146 scm.
1169 108 1201 146 1.

570 307 778 353 ACTUS
807 307 864 351 II.
906 307 1113 352 SCENA
1143 308 1177 352 I.

401 436 686 485 CuAmNUs.
736 435 989 484 annm.
1036 434 1350 484 Pfflpmms.

212 571 300 621 Ch.
335 571 478 623 QUID
517 570 602 631 ais,
640 568 879 633 Byrrhia'?
926 569 1129 616 daturne
1170 568 1253 616 illa
1286 566 1541 631 Pamphilo

405 652 550 701 hodie
574 653 815 715 nuptum?
885 650 986 714 By.
1026 650 1111 697 Sic
1136 659 1220 698 est.

212 736 299 785 Ch.
335 735 440 787 Qui
467 735 599 782 sois?
668 733 769 797 By.
808 732 956 796 Apud
993 732 1148 779 forum
1184 732 1329 780 modo
1354 748 1380 779 e
1404 731 1543 779 Davo

411 816 585 865 audivi.
661 816 748 863 Ch.
787 814 874 863 Vae
901 814 1078 862 misero
1102 814 1251 861 mihi!

205 899 273 947 Ut
298 899 486 946 animus
510 898 560 945 in
585 914 668 961 spe
699 906 839 959 atque
864 896 913 943 in
939 896 1112 944 timore
1149 912 1301 958 usque
1339 895 1543 942 antehae

410 988 618 1028 attentus
644 979 760 1037 fuit3

210 1060 300 1122 Ita,
323 1070 577 1124 postquam
605 1060 826 1122 adempta
850 1075 956 1123 spes
981 1068 1068 1118 est,
1094 1058 1263 1117 lassus,
1286 1058 1404 1104 cura
1430 1073 1545 1104 con-

409 1143 579 1202 fectus,
609 1151 780 1205 stupet.

147 1236 184 1284 ,35
210 1224 311 1289 By.
347 1225 550 1285 Quaeso,
607 1224 807 1287 aedepol,
869 1223 1097 1283 Charine,
1158 1222 1387 1285 quoniam
1446 1237 1554 1269 nont

410 1315 569 1370 potest
593 1306 643 1353 id
666 1305 787 1366 fieri,
813 1305 943 1367 quod
968 1305 1055 1365 vis,

208 1389 269 1437 id
293 1389 426 1449 velis,
452 1389 580 1451 quod
604 1388 768 1451 possit.
844 1387 932 1435 Cle.
971 1385 1109 1434 Nihil
1135 1385 1244 1433 volo
1281 1385 1426 1443 aliud,
1453 1384 1547 1432 nisi

410 1471 762 1518 Philumenam.

213 1553 314 1618 By.
352 1553 462 1601 Ah!
501 1561 681 1616 quanto
717 1552 865 1599 satius
900 1560 988 1611 est,
1013 1560 1062 1598 te
1097 1551 1145 1598 id
1182 1550 1296 1597 dare
1331 1565 1546 1612 operam,

414 1634 496 1698 qui
522 1635 665 1682 istum
693 1650 905 1681 amorem
930 1649 988 1682 ex
1014 1633 1175 1680 animo
1201 1648 1422 1680 amoveas
1445 1641 1548 1691 tue,

205 1718 379 1770 'Quam
415 1716 464 1765 id
497 1717 647 1779 loqui,
674 1731 770 1778 quo
807 1714 959 1779 magis
994 1714 1162 1762 lubido
1187 1713 1361 1761 frustra
1384 1714 1550 1762 incen-

415 1799 553 1846 datur
577 1799 690 1846 tua!

221 1881 307 1930 Ch.
344 1880 512 1929 Facile
547 1896 731 1940 omnes,
762 1896 874 1926 cum
909 1879 1139 1938 valemus,
1175 1887 1309 1926 recta
1345 1877 1552 1926 consilia

417 1962 609 2026 aegrotis
635 1962 817 2009 damus.

137 2049 191 2091 -10
218 2044 299 2095 Tu
336 2044 376 2092 si
411 2044 493 2091 hic
527 2044 607 2102 sis,
637 2044 771 2091 aliter
807 2043 997 2090 sentias.
1069 2042 1169 2105 By.
1209 2042 1334 2106 Age,
1364 2057 1469 2106 age,
1498 2050 1552 2089 ut

416 2126 562 2173 lubet.
637 2125 723 2172 Ch.
763 2125 861 2172 Sed
884 2124 1187 2187 Pamphilum

220 2208 409 2257 Video:
457 2206 620 2254 omnia
665 2206 869 2268 experiri
907 2215 1091 2253 eertum
1127 2206 1201 2264 'st‚
1237 2206 1372 2269 prius
1407 2220 1550 2268 quam

409 2303 575 2352 pereo.
646 2287 746 2351 By.
783 2287 922 2338 Quid
947 2287 1027 2334 hio
1054 2286 1187 2350 agit?

227 2370 313 2420 Ch.
346 2369 514 2434 Ipsum
549 2368 680 2416 huno
716 2369 892 2415 orabo:
930 2367 1045 2415 huic
1069 2367 1383 2431 supplicabo:
1423 2382 1550 2415 amo-

415 2467 523 2500 :rem
547 2450 663 2498 huic
687 2450 892 2498 narrabo
915 2465 1090 2498 meum.
