1648 2738
441 63 662 101 ANDRIA.
713 66 817 102 Aer.
836 63 866 101 1.
901 64 1084 102 Seme.
1419 57 1488 105 23

88 188 364 236 Tantamne
383 204 484 236 rem
500 197 599 235 tam
617 188 917 252 negligenter
939 189 1112 252 agere?
1135 188 1412 252 praeteriens

287 271 432 317 modo

90 351 214 399 Mihi
251 352 376 415 apud
413 352 584 411 forum,
610 357 641 378 “
660 351 788 399 Uxor
820 351 908 398 tibi
932 351 1155 399 ducenda
1178 353 1252 411 'st,
1276 351 1414 399 Pam·

286 434 432 497 phile,
459 433 649 493 hodie‚''
677 433 862 496 inquit:
899 439 1093 496 “parat

89 516 188 563 Abi
222 515 466 563 domumss’
537 515 594 562 Id
630 515 748 562 mihi
782 515 911 562 visus
946 524 1018 562 est
1052 515 1232 575 dicere,
1265 515 1413 562 “Abi

286 596 400 656 cito,
424 605 474 643 et
495 596 734 659 suspende
757 597 850 644 te.'’
1124 659 1128 665 ν
1436 596 1488 636 90

85 677 357 740 Obstupui:
406 679 598 724 censen'
637 677 787 724 ullum
840 693 917 724 me
958 677 1154 724 verbum
1199 677 1414 741 potuisse

283 758 542 820 proloqui?

86 841 189 886 Aut
223 839 368 886 ullam
404 855 615 898 causam,
649 840 859 902 ineptam
892 840 1079 899 saltem,
1117 840 1299 900 falsam,
1326 840 1414 889 ini-

282 921 462 982 quam?
530 920 781 969 Obmutui.

79 1001 234 1053 Quod
271 1002 311 1048 si
344 1017 438 1066 ego
472 1002 726 1050 rescissem
763 1003 807 1049 id
844 1004 1004 1065 prius3
1044 1003 1159 1066 quid
1184 1004 1411 1064 facerem,

278 1083 322 1130 si
345 1083 452 1145 quis
475 1099 606 1130 nunc
631 1099 707 1131 me
731 1086 903 1147 roget?

86 1164 285 1226 Aliquid
322 1164 546 1224 facerem,
572 1174 624 1212 ut
649 1166 742 1212 hoc
777 1182 838 1212 ne
864 1166 1085 1213 facerem.
1159 1166 1256 1214 Sed
1281 1182 1411 1214 nunc

282 1245 398 1308 quid
420 1247 629 1309 primum
651 1263 883 1309 exsequar
903 1248 921 1294 ἵ

81 1326 184 1374 'Tot
229 1343 306 1374 me
352 1327 619 1390 impediunt
661 1344 805 1387 ourae,
848 1344 952 1390 quae
995 1344 1156 1376 meum
1200 1329 1408 1377 animum

280 1407 468 1457 divorse
491 1409 716 1468 trahunt3
1436 1415 1488 1455 25

83 1489 253 1548 Amor,
272 1489 605 1537 misericordia
628 1491 785 1553 hujus,
805 1491 1080 1554 nuptiarum
1106 1492 1408 1540 sollicitudo:

79 1569 214 1617 Tum
250 1571 399 1633 patris
431 1571 603 1633 pudor,
640 1573 721 1634 qui
757 1588 834 1619 me
874 1581 971 1619 tam
1005 1573 1103 1620 leni
1137 1590 1305 1636 passus
1339 1583 1411 1622 est

280 1651 440 1698 animo
464 1668 616 1714 usque
640 1653 814 1713 adhuc,

75 1731 207 1783 Quae
242 1748 353 1779 meo
393 1749 599 1795 cumque
648 1732 808 1780 animo
854 1734 1059 1782 lubitum
1107 1737 1181 1794 'st,
1220 1735 1405 1784 facere:

280 1813 374 1860 ein'
401 1829 494 1878 ego
517 1823 570 1861 ut
595 1814 851 1862 adverset?
887 1815 965 1863 hei
989 1816 1134 1863 mihi!

80 1893 325 1942 Incertum
370 1897 430 1942 ’st
476 1895 591 1958 quid
640 1913 791 1960 agam.
871 1896 976 1959 My.
1014 1896 1196 1945 Misera
1241 1899 1405 1959 timeo,

278 1979 516 2027 incertum
541 1980 635 2027 hoc
660 1996 889 2041 quorsum
915 1981 1116 2028 accidat.

78 2059 177 2106 Sed
214 2075 344 2107 nunc
377 2076 584 2123 peropus
620 2070 707 2120 est,
744 2069 824 2108 aut
859 2061 988 2108 hunc
1024 2079 1134 2108 cum
1172 2062 1291 2125 ipsa,
1327 2073 1407 2110 aut

275 2155 352 2186 me
378 2139 556 2202 aliquid
583 2140 643 2187 de
666 2140 747 2187 illa
774 2140 1025 2187 advorsum
1051 2141 1181 2188 hunc
1206 2142 1351 2204 loqui.
1431 2143 1483 2184 30

79 2219 207 2266 Dum
245 2220 294 2266 in
330 2221 478 2268 dubio
513 2230 585 2268 est
622 2221 824 2280 animus,
848 2222 993 2284 paulo
1027 2231 1272 2270 momento
1308 2223 1403 2270 huc

275 2301 391 2348 illuc
415 2302 687 2364 impellitur.

76 2380 176 2428 Pa.
214 2380 344 2432 Quis
380 2380 462 2428 hic
497 2381 742 2444 loquitur?
817 2381 997 2445 Mysis!
1034 2382 1192 2431 salve!
1294 2383 1400 2448 My.
