1648 2738
126 69 192 117 42
518 76 740 114 ANDmA.
792 76 896 112 Am.
916 76 989 113 ΠΙ.
1024 76 1152 112 scm.
1170 75 1206 112 3.

202 203 318 251 Non
343 203 533 266 impulit
557 218 650 262 me,
671 202 775 249 haec
795 218 926 248 nunc
951 201 1150 247 omnino
1174 208 1226 247 ut
1251 199 1527 248 crederem:

124 291 177 331 -15
202 285 365 347 Atque
391 285 518 331 haud
543 284 663 343 scio,
691 300 767 342 an,
794 299 898 345 quae
925 283 1060 341 dixit,
1082 282 1178 328 sint
1203 298 1313 329 vera
1337 281 1528 329 omnia:

203 368 301 415 Sed
324 367 456 430 parvi
475 367 648 429 pendo.
720 366 847 412 Illud
867 365 984 411 mihi
1004 365 1156 411 multo
1174 364 1434 411 maximum
1454 365 1530 423 'st,

173 449 351 500 sQuod
386 449 504 495 mihi
539 448 784 511 pollicitus
819 455 890 494 est
932 447 1063 509 ipsus
1097 455 1284 510 gnatus
1379 445 1531 493 Nunc

403 531 660 577 Chremem

203 612 503 660 Conveniam
525 629 534 659 :
579 612 727 658 orabo
763 618 910 674 gnato
946 625 1173 656 uxorem:
1221 608 1262 655 si
1310 608 1531 672 impetro,

200 694 340 745 Quid
367 694 482 740 alias
507 693 687 752 malim,
714 708 856 754 quam
882 691 1026 737 hodie
1051 690 1136 736 has
1164 690 1268 736 fieri
1303 690 1533 752 nuptias?

125 785 177 826 50
202 775 332 823 Nam
374 784 547 839 gnatus
589 774 717 836 quod
753 772 1000 836 pollicitus
1042 779 1130 830 est,
1167 771 1295 818 haud
1332 770 1533 818 dubium

401 864 472 903 est
497 856 631 915 mihi,

204 937 258 986 Si
283 938 421 998 nolit,
448 937 564 1000 quin
590 953 700 984 eum
726 936 898 983 merito
922 935 1103 998 possim
1129 950 1319 998 cogere.

204 1021 368 1083 Atque
390 1019 510 1066 adeo
530 1019 578 1066 in
600 1018 704 1081 ipso
722 1026 938 1080 tempore
958 1032 1130 1064 eccum
1151 1016 1307 1079 ipsum
1328 1015 1533 1064 obviam.

711 1238 917 1284 SCENA
951 1237 1031 1281 III.

634 1369 778 1415 SlMo.
832 1366 1101 1413 CHREMES.

272 1503 345 1553 Si.
375 1502 540 1551 JUBEO
562 1502 870 1549 Chremetem
897 1538 906 1547 .
935 1537 945 1547 .
973 1537 984 1547 .
1013 1537 1022 1546 .
1099 1498 1186 1546 Ch.
1212 1496 1286 1544 O!
1313 1505 1360 1543 te
1380 1496 1537 1560 ipsum

404 1585 689 1648 quaerebam.
761 1582 833 1630 Si.
872 1581 936 1628 Et
971 1595 1062 1644 ego
1094 1588 1155 1627 te.
1231 1578 1318 1625 Ch.
1357 1578 1539 1641 Optato

406 1666 614 1714 advenis,

207 1748 409 1812 Aliquot
444 1764 520 1795 me
559 1746 737 1806 adiere,
775 1761 834 1793 ex
867 1752 915 1792 te
953 1744 1168 1791 auditum
1204 1741 1285 1804 qui
1329 1741 1537 1800 aiebant,

405 1830 550 1876 hodie
574 1828 721 1876 filiam

208 1911 373 1960 Meam
408 1911 590 1958 nubere
625 1919 709 1957 tuo
745 1916 919 1972 gnato:
969 1906 1016 1952 id
1058 1905 1176 1964 viso,
1213 1906 1334 1963 tun'‚
1372 1920 1430 1950 an
1468 1903 1536 1951 illi

408 1992 662 2039 insaniant.

209 2075 281 2122 Si.
320 2073 558 2121 Ausculta
590 2072 784 2135 paucis3
823 2078 869 2117 et
894 2069 1008 2131 quid
1041 2083 1132 2131 ego
1156 2076 1203 2114 te
1227 2067 1387 2125 velim,
1416 2075 1463 2113 et
1487 2075 1538 2113 tu

410 2154 538 2218 quod
564 2153 752 2215 quaeris,
779 2152 917 2199 scies,

159 2248 186 2288 5
215 2238 302 2287 Ch.
341 2236 605 2284 Ausculto:
643 2235 840 2295 loquere
866 2232 978 2294 quid
1004 2230 1133 2277 velis.

212 2320 283 2368 Si.
321 2318 413 2366 Per
449 2333 540 2380 ego
575 2325 622 2363 te
646 2316 778 2362 Deos
814 2329 915 2373 oro,
944 2321 990 2360 et
1024 2320 1235 2359 nostram
1263 2309 1540 2368 amicitiam,

409 2399 635 2458 Chreme,
