1648 2738
129 66 190 114 14
520 71 746 109 ANomA.
797 71 901 108 Aer.
922 69 952 108 1.
988 69 1118 106 scm.
1138 68 1171 105 1.

150 209 203 249 80
229 200 357 248 Cum
394 199 504 259 illis,
542 198 623 261 qui
661 198 887 245 amabant
922 194 1227 259 Chrysidem,
1266 191 1364 240 una
1402 190 1568 240 aderat

431 281 654 344 frequens
669 298 680 339 ;

230 365 446 413 Curabat
472 364 569 411 una
595 363 766 421 funus3
804 360 955 409 tristis
979 358 1188 418 interim,

231 447 601 510 Nonnunquam
647 443 1039 508 collacrymabat.
1131 439 1323 488 Placuit
1369 447 1474 486 tum
1519 435 1571 485 id

432 529 579 577 mihi:

233 613 320 660 Sic
343 612 648 677 cogitabam3
687 615 718 636 “
738 608 854 668 Hic,
879 622 1037 671 parvae
1063 602 1432 653 consuetudinis

233 695 414 754 Causa,
440 693 581 758 hujus
606 701 810 739 mortem
836 700 934 737 tam
961 689 1050 737 fert
1075 686 1404 736 familiariter:

154 788 207 828 85
230 776 389 836 Quid,
437 775 477 822 si
526 775 627 837 ipse
677 772 916 820 amasset?
966 769 1082 833 quid
1123 768 1205 816 hic
1246 766 1365 815 mihi
1406 764 1570 825 faciet,

433 856 635 920 patri'!”

236 940 359 988 Haec
384 955 476 1004 ego
499 938 727 1002 putabam
754 951 859 984 esse
884 934 1048 982 omnia
1072 932 1271 980 humani
1298 930 1482 995 ingeni,

235 1021 580 1083 Mansuetique
606 1018 753 1066 animi
778 1017 951 1065 officia.
1021 1015 1162 1067 Quid
1187 1013 1351 1062 multis
1377 1011 1571 1060 moror?

235 1104 446 1169 Egomet
470 1118 677 1166 quoque,
703 1101 808 1165 ejus
833 1098 998 1159 causa,
1026 1099 1076 1146 in
1101 1098 1246 1145 funus
1268 1094 1470 1159 prodeo,

235 1187 374 1234 Nihil
395 1185 649 1249 suspicans
668 1184 813 1230 etiam
840 1181 967 1229 mali.
1039 1180 1118 1227 So.
1146 1179 1303 1226 Hem!
1330 1177 1447 1242 quid
1466 1176 1574 1224 est?

437 1268 509 1316 Si.
548 1266 702 1315 Scies.

157 1353 210 1393 90
237 1350 475 1399 Effertur:
514 1349 652 1396 imus.
723 1346 918 1394 Interea
944 1345 1067 1392 inter
1091 1343 1334 1401 mulieres,

233 1431 363 1482 Quae
389 1430 455 1478 ibi
482 1429 698 1488 aderant,
726 1428 848 1475 forte
890 1441 1037 1474 unam
1079 1423 1263 1488 aspicio
1296 1421 1574 1470 adolescen-

433 1511 603 1571 tulam‚

236 1594 417 1642 Forma
442 1632 451 1642 .
482 1631 491 1641 .
519 1632 529 1641 .
559 1631 568 1641 .
597 1593 608 1640 ἰ
680 1592 761 1640 So.
788 1591 927 1639 Bona
953 1590 1168 1637 sortasse.
1241 1588 1314 1635 Si.
1341 1586 1405 1634 Et
1424 1585 1576 1646 voltu,

438 1674 596 1733 Sosia,

237 1756 380 1804 Adeo
404 1756 641 1815 modesto,
669 1754 789 1802 adeo
814 1762 1033 1812 venusto,
1061 1761 1110 1799 ut
1138 1751 1256 1799 nihil
1283 1766 1440 1813 supra.

235 1837 375 1890 Quia
398 1847 500 1885 tum
526 1837 645 1884 mihi
668 1835 922 1884 lamentari
946 1844 1118 1898 praeter
1138 1842 1325 1881 ceteras

158 1923 212 1965 95
237 1920 358 1968 Visa
381 1927 483 1978 est3
521 1928 570 1967 et
595 1919 708 1982 quia
731 1928 832 1966 erat
858 1917 1011 1965 forma
1034 1924 1206 1980 praeter
1232 1923 1418 1962 ceteras

239 2001 463 2050 Honesta
487 2010 535 2048 et
559 2000 774 2058 liberali3
816 1998 998 2047 accedo
1025 1997 1081 2045 ad
1107 1996 1423 2060 pedisequas:

236 2083 367 2135 Quae
393 2083 471 2142 sit,
498 2098 642 2146 rogo:
679 2097 891 2129 sororem
918 2097 1023 2127 esse
1050 2079 1184 2126 aiunt
1208 2076 1474 2140 Chrysidis.

238 2164 489 2213 Percussit
514 2164 647 2211 illico
674 2163 915 2210 animum:
956 2166 986 2187 “
1005 2161 1073 2207 At
1099 2160 1171 2206 at!
1211 2159 1303 2205 hoc
1330 2158 1448 2206 illud
1474 2158 1573 2206 est!

241 2246 376 2295 Hinc
402 2246 495 2294 illae
520 2245 775 2308 lacrymae!
815 2245 920 2291 haec
946 2242 1027 2290 illa
1051 2243 1109 2290 'st
1135 2240 1470 2288 misericordia
1487 2241 1496 2288 !
1513 2241 1540 2262 ’⁷

137 2330 215 2373 100
241 2330 318 2378 So.
355 2328 523 2381 Quam
547 2327 714 2387 timeo,
740 2341 969 2390 quorsum
1002 2325 1202 2372 evadas!
1297 2322 1368 2370 Si.
1406 2322 1576 2370 Funus

441 2409 632 2459 interim
