1648 2738
406 94 660 133 ADELPHI.
710 95 813 131 Aer.
832 95 883 131 Π.
919 95 1046 132 Sem.
1064 95 1100 131 4.
1391 84 1456 133 93

571 261 887 334 scENA'Iv.

163 416 451 464 AEscmNUS.
512 417 720 465 SANNio.
781 416 1054 462 Cwnsmm.
1115 416 1295 463 smus,

138 547 251 595 AES.
277 547 372 594 Um
390 548 467 594 ille
484 556 554 594 est
569 548 866 610 sacrilegus?
924 547 1008 594 Sa.
1037 546 1166 592 Men'
1186 545 1384 608 quaerit?

269 645 382 674 num
409 629 632 690 quidnam
658 629 829 683 effert?
897 627 1100 674 Occidi!

73 707 207 754 Nihil
234 708 385 756 video,
453 709 567 756 AEs.
605 709 756 754 Ehem
781 709 790 754 1
829 719 1123 770 opportune:
1160 716 1207 753 te
1232 707 1386 770 ipsum

269 805 442 850 quaero.
511 789 649 838 Quid
673 789 739 847 fit,
767 789 1028 850 Ctesipho?

73 867 131 915 In
178 877 281 915 tuto
326 870 384 914 'st
429 869 585 916 omnis
629 885 704 915 res
726 885 735 915 :
789 869 953 916 omitte
989 884 1101 914 vero
1147 868 1386 915 tristitiam

269 958 414 996 tuam.

75 1028 150 1077 Gt.
187 1029 294 1093 Ego
319 1030 447 1076 illam
472 1030 632 1076 hercle
665 1045 776 1076 vero
801 1030 986 1088 omitto,
1019 1030 1097 1092 qui
1123 1029 1315 1091 quidem
1340 1037 1386 1076 te

267 1110 466 1157 habeam
490 1110 694 1157 fratrem.
763 1110 809 1157 O
836 1111 899 1157 mi
924 1110 1187 1157 AEschine!

70 1189 117 1237 Ο
141 1190 205 1237 mi
250 1191 506 1254 germane!
586 1191 696 1237 Ah!
759 1207 923 1237 vereor
970 1206 1130 1237 coram
1167 1190 1215 1236 in
1252 1205 1305 1236 os
1338 1198 1386 1237 te

262 1271 455 1318 laudare
482 1271 697 1334 amplius,
1405 1275 1431 1314 5

69 1351 148 1398 Ne
172 1351 218 1398 id
246 1352 515 1399 assentandi
551 1352 718 1414 magiS,
756 1368 896 1413 quam
932 1367 1025 1414 quo
1061 1351 1259 1398 habeam
1283 1367 1388 1414 gra-

264 1440 382 1488 tum,
410 1433 566 1479 facere
590 1433 860 1479 existumes.

69 1511 182 1559 AEs.
220 1512 344 1575 Age,
372 1513 556 1574 inepte!
593 1513 727 1575 quasi
752 1529 882 1559 nunc
905 1511 1119 1559 norimus
1154 1527 1240 1558 nos
1265 1512 1386 1559 inter

265 1609 369 1651 nos,
396 1593 639 1654 Ctesipho.

71 1672 182 1720 Hoc
207 1673 322 1719 mihi
347 1673 489 1731 dolet,
533 1690 620 1719 nos
652 1689 787 1735 paene
823 1689 927 1719 sero
963 1673 1126 1731 scisse,
1164 1681 1210 1719 et
1249 1674 1388 1735 paene'

267 1753 314 1800 in
340 1769 447 1800 eum
472 1754 631 1801 locum

69 1833 293 1892 Redisse,
328 1843 395 1892 ut,
422 1835 461 1880 si
487 1850 652 1881 omnes
677 1843 921 1896 cuperent,
942 1835 1060 1880 nihil
1086 1834 1172 1881 tibi
1193 1843 1386 1896 possent

267 1916 548 1962 auxiliarier.

75 1995 149 2042 Ct.
186 1996 414 2042 Pudebat.
486 1997 596 2042 AEs.
636 1995 746 2042 Ah!
785 1996 984 2042 stultitia
1007 1998 1064 2042 'st
1089 1997 1269 2053 isthaec‚
1291 2012 1384 2042 non

267 2077 419 2138 pudor
439 2094 449 2134 3
487 2086 582 2123 tam
609 2064 672 2122 ob
694 2077 935 2138 parvolam
1406 2090 1456 2130 10

72 2157 198 2203 Rem
236 2173 376 2219 paene
415 2174 472 2204 ex
495 2158 648 2219 patria
677 2195 687 2204 .
716 2195 725 2204 .
754 2195 763 2204 .
793 2159 841 2203 ,ἵ
876 2166 1012 2218 turpe
1037 2157 1182 2203 dictu.
1254 2157 1386 2203 Deos

268 2253 443 2298 quaeso,
470 2247 521 2284 ut
547 2238 677 2284 istaec
703 2238 1007 2299 prohibeant.

75 2317 148 2364 Cc.
189 2318 408 2365 Peccavi.
470 2318 568 2364 AEs
619 2318 752 2368 Quid
782 2318 844 2364 ait
879 2319 1069 2364 tandem
1105 2318 1242 2365 nobis
1267 2317 1386 2364 San-

267 2397 381 2444 nio?
449 2398 535 2461 Sy.
607 2398 714 2444 Jam
741 2398 869 2444 mitis
893 2407 977 2445 est.
