1648 2738
512 108 731 145 ANDRIA.
784 110 886 145 Am:
909 109 951 144 V.
987 109 1114 145 Sem.
1131 109 1166 146 6.
1469 102 1533 150 73

150 231 246 278 Pa.
284 231 422 278 Pater
465 232 645 278 amicus
686 248 896 278 summus
934 231 1084 278 nobis.
1155 232 1256 278 Da.
1293 231 1456 283 Quis?

343 310 441 357 Pa.
479 310 722 356 Chremes.
793 310 894 357 Da.
931 310 1110 356 Narras
1133 311 1293 372 probe.

150 389 246 437 Pa.
285 388 392 436 Nec
417 406 549 436 mora
572 390 669 436 ulla
692 392 764 448 'st,
782 390 895 451 quin
920 406 1024 436 eam
1048 406 1244 437 uxorem
1269 391 1455 438 ducam.

352 470 436 517 Ch.
474 469 605 516 Num
631 470 709 516 ille
734 471 938 516 somniat

154 549 241 607 Ea,
278 566 380 612 quae
418 550 618 612 vigilans
654 550 833 596 voluit?
900 550 998 596 Pa.
1035 549 1162 597 Turn
1201 550 1258 597 de
1292 566 1456 612 puero,

345 630 513 676 Dave?
585 630 684 676 Da.
724 631 828 676 Ah!
867 631 1043 676 desine.

151 710 290 756 Solus
315 720 400 768 est,
439 726 577 771 quem
615 711 818 773 diligunt
859 711 935 758 Di.
1010 712 1094 758 Cle.
1134 711 1301 758 Salvus
1336 728 1455 770 sum,

261 809 268 819 ‘
345 791 382 836 si
409 791 511 837 haec
536 807 645 837 vera
670 801 792 838 sunt.

151 868 420 929 Colloquar.
491 868 589 916 Pa.
631 869 759 919 Quis
795 871 937 916 homo
972 872 1066 917 'stC'
1135 871 1180 917 O
1217 871 1454 917 Charine!

347 949 395 995 in
419 958 630 1011 tempore
656 950 757 1012 ipso
782 951 897 996 mihi
926 951 1130 998 advenis.
1484 961 1531 1000 10

154 1029 237 1076 Ch.
277 1029 407 1076 Bene
425 1029 614 1076 factum.
673 1030 1079 1077 Pa.Audisti11’'e
1142 1031 1227 1078 Ch.
1264 1031 1454 1078 Omnia.

346 1110 468 1173 Age,
495 1126 570 1157 me
596 1110 644 1156 in
668 1110 762 1156 tuis
785 1111 1008 1157 secundis
1032 1112 1226 1173 respice.

150 1190 288 1238 Tuus
313 1200 382 1237 est
419 1207 548 1237 nunc
587 1190 847 1238 Chremes:
887 1191 1138 1250 facturum,
1175 1209 1279 1253 quae
1315 1193 1456 1252 voles,

347 1272 447 1318 scio
475 1288 577 1318 esse
602 1272 775 1319 omnia.

150 1353 247 1400 Pa.
286 1352 515 1399 Memini:
555 1362 693 1415 atque
719 1353 836 1400 adeo
869 1353 1065 1416 longum
1101 1363 1169 1400 est
1206 1370 1292 1400 nos
1327 1354 1458 1401 illum

347 1442 638 1496 exspectare,
664 1433 773 1480 dum
801 1443 948 1480 exeat.

152 1516 363 1576 Sequere
388 1515 478 1560 hac
503 1530 577 1560 me
603 1514 729 1560 intus
756 1514 811 1560 ad
836 1514 1111 1576 Glycerium
1148 1531 1291 1561 nunc.
1359 1515 1457 1574 Tu,

347 1595 496 1653 Dave,
525 1595 599 1640 abi
625 1594 818 1641 domum
841 1611 850 1640 τ

151 1676 357 1740 Propere
384 1691 584 1733 arcesse,
622 1675 733 1721 hinc
771 1675 850 1736 qui
888 1676 1101 1722 auferant
1136 1692 1254 1722 eam.
1322 1676 1457 1726 Quid

345 1757 475 1802 stas?
513 1755 624 1816 quid
652 1757 844 1801 cessas?
913 1755 1013 1802 Da.
1053 1755 1140 1803 Eo.
1487 1761 1534 1800 15

152 1835 228 1883 Ne
253 1835 549 1898 exspectetis,
587 1834 697 1880 dum
736 1844 903 1881 exeant
939 1835 1064 1881 huc:
1102 1835 1230 1881 intus
1262 1836 1460 1898 despon-

346 1915 559 1972 debitur;

151 1996 285 2044 Intus
308 1995 609 2060 transigetur,
635 1995 812 2058 siquid
839 2005 924 2053 est,
951 1996 1077 2057 quod
1103 2005 1259 2043 restet.

1138 2082 1198 2124 Ω.
1223 2078 1453 2124 Plaudite.

411 2189 436 2217 τ
594 2169 624 2215 7
