1648 2738
135 64 230 112 126
509 75 766 114 ADELPHI.
817 77 922 114 Aer.
941 77 1010 114 1v.
1045 78 1174 116 scm.
1190 79 1225 116 7.

202 198 296 246 De.
335 200 622 248 Corrector!
660 218 832 265 nempe
857 203 941 249 tua
967 212 1066 251 arte
1089 203 1258 268 viginti
1283 205 1426 254 minae

126 291 178 331 25
202 280 297 328 Pro
321 282 515 345 psaltria
540 282 755 345 periere:
793 301 915 346 quae,
941 296 1173 347 quantum
1197 295 1370 348 potest,

203 362 383 425 Aliquo
411 364 682 427 abjicienda
705 358 802 412 est:
845 366 883 412 si
909 383 1002 414 non
1030 367 1199 429 pretio,
1228 377 1273 414 at
1297 369 1478 432 gratiis.

202 444 292 492 Mi.
329 444 503 506 Neque
528 455 616 505 est,
642 463 798 509 neque
824 447 953 494 illam
978 465 1094 495 sane
1119 449 1288 496 studeo
1312 450 1533 498 vendere.

203 525 295 572 De.
333 526 471 576 Quid
508 527 651 590 igitur
690 528 872 576 facies?
943 529 1033 576 Mi.
1073 530 1219 576 Domi
1262 531 1366 578 erit.
1439 532 1532 580 De.

399 609 493 655 Pro
518 609 697 657 Divum
722 611 893 658 fidem!

201 687 434 736 Meretrix
458 700 504 737 et
529 692 888 739 materfamilias
915 692 1009 739 una
1035 693 1082 739 in
1109 693 1289 741 domo?

124 771 174 812 30
200 770 290 819 Mi.
329 771 429 818 Cur
454 774 588 820 non?
657 773 750 820 De.
791 775 973 821 Sanum
991 784 1038 821 te
1059 775 1216 822 credis
1240 777 1383 823 esse?
1441 776 1532 824 Mi.

401 854 640 917 Equidem
668 856 885 904 arbitror.

200 934 294 983 De.
332 935 407 982 Ita
432 952 508 982 me
533 936 598 984 Di
632 947 808 996 ament,
846 946 898 984 ut
933 938 1072 985 video
1109 955 1200 1003 ego
1235 948 1367 987 tuam
1402 940 1534 1005 inep-

398 1017 529 1077 tiam,

198 1099 462 1146 Facturum
489 1100 651 1159 cred0,
680 1109 730 1147 ut
755 1101 931 1148 habeas
956 1101 1152 1165 quicum
1180 1104 1399 1151 cantites.

197 1181 287 1229 Mi.
326 1182 426 1229 Cur
451 1183 583 1229 non?
653 1182 747 1229 De.
786 1183 850 1230 Et
883 1200 1005 1231 nova
1039 1194 1188 1246 nupta
1223 1186 1392 1232 eadem
1428 1189 1534 1234 haec

395 1263 584 1311 discet?
654 1264 744 1312 Mi.
784 1266 998 1313 Scilicet.

197 1344 290 1392 De.
328 1344 409 1392 Tu
437 1346 558 1393 inter
583 1363 665 1393 eas
706 1347 871 1394 restim
914 1348 1118 1395 ductans
1158 1349 1369 1397 saltabis.
1438 1350 1530 1399 M.

397 1427 568 1474 Probe.

119 1514 170 1554 35
197 1507 289 1556 De.
330 1513 358 1534 “
382 1508 539 1556 Probe
557 1511 574 1556 2
592 1511 618 1531 '’
691 1510 780 1557 Mi.
830 1510 893 1557 Et
939 1521 990 1557 tu
1038 1512 1291 1559 nobiscum
1341 1514 1454 1574 una,
1490 1514 1532 1562 si

395 1607 516 1652 opus
540 1591 613 1638 sit.
686 1591 778 1638 De.
818 1592 913 1639 Hei
940 1593 1056 1639 mihi
1079 1593 1087 1640 ἔ

197 1671 311 1718 Non
357 1680 404 1719 te
450 1673 553 1719 haec
601 1674 820 1736 pudent?
901 1674 991 1721 Mi.
1030 1674 1139 1721 Jam
1187 1691 1299 1722 vero
1345 1677 1529 1737 omitte,

397 1755 599 1813 Demea,

196 1833 358 1881 Tuam
385 1834 539 1881 istanc
565 1834 893 1893 iracundiam3
933 1844 1089 1897 atque,
1117 1836 1183 1883 ita
1207 1837 1277 1884 uti
1303 1838 1460 1898 decet,

197 1915 419 1962 Hilarum
448 1933 504 1962 ac
528 1917 772 1964 lubentem
799 1917 874 1964 fac
898 1926 944 1963 te
970 1917 1017 1963 in
1044 1918 1174 1981 gnati
1202 1919 1394 1980 nuptiis,

197 1997 304 2060 Ego
342 1998 428 2043 hos
467 1999 783 2045 conveniam:
837 2007 944 2061 post
986 1999 1080 2045 huc
1119 2000 1278 2046 redeo.
1349 2000 1443 2048 De.
1482 2001 1528 2049 Ο

397 2079 613 2142 Jupiter!

118 2167 170 2209 40
197 2159 456 2207 Hanccine
492 2161 666 2208 vitam!
706 2162 904 2208 hoscine
948 2163 1131 2209 mores!
1171 2163 1297 2211 hanc
1333 2164 1524 2212 demen-

394 2244 510 2289 tiam
531 2243 540 2289 !

194 2323 325 2371 Uxor
351 2324 454 2371 sine
480 2325 590 2370 dote
616 2325 774 2371 veniet
796 2342 805 2372 :
843 2325 970 2372 intus
995 2326 1190 2389 psaltria
1211 2335 1314 2374 est:

195 2404 382 2453 Domus
406 2414 678 2454 sumtuosa:
718 2406 998 2454 adolescens
1022 2407 1137 2454 luxu
1160 2408 1403 2471 perditus:
