1648 2738
164 88 256 136 120
540 96 796 134 ADELPHI.
848 97 952 133 Aer.
972 96 1040 133 1v.
1078 97 1205 133 Scan.
1225 97 1260 132 5.

232 221 346 269 AEs.
402 222 538 269 Nihil
564 239 573 269 :
632 230 794 269 recte:
848 238 1008 285 perge.
1102 221 1193 269 Mi.
1243 221 1292 268 Is
1330 221 1476 282 venit,
1512 230 1564 270 ut

431 319 595 350 secum
625 303 791 350 avehat
814 319 823 350 z

154 390 207 430 20
231 384 362 431 Nam
404 385 584 432 habitat
629 384 802 432 Mileti.
873 383 987 431 AES.
1027 383 1154 431 Hem
1176 385 1186 431 ἱ
1240 384 1475 449 virginem
1511 393 1563 433 ut

431 483 595 513 secum
624 466 822 513 avehat!
1196 479 1200 481 ’

232 548 321 595 ΜΞ.
362 549 446 595 Sic
493 557 577 595 est.
666 547 780 595 AEs.
830 546 1054 594 Miletum
1103 563 1270 610 usque,
1321 548 1561 594 obsecro?

430 629 520 676 Mi.
558 629 645 676 Ita.
716 629 831 676 AEs.
869 629 1051 675 Animo
1074 629 1198 675 male
1225 630 1295 676 'st.

228 711 366 761 Quid
388 712 540 774 ipsae'!
576 711 690 773 quid
712 710 880 758 aiunt?
950 710 1042 757 Mi.
1078 710 1215 760 Quid
1237 710 1342 757 illas
1357 711 1562 757 censes?

429 793 548 838 nihil
575 792 719 840 enim.

229 874 517 921 Commenta
543 883 691 920 mater
717 882 803 933 est,
830 889 934 921 esse
960 889 1018 919 ex
1043 873 1135 920 alio
1161 873 1278 932 viro,

227 955 413 1002 Nescio
430 972 540 1018 quo,
560 972 762 1018 puerum
782 964 946 1002 natum
963 972 974 1013 3
1012 971 1168 1016 neque
1184 970 1294 1001 eum
1313 954 1556 1013 nominat3

149 1041 201 1081 25
226 1037 440 1084 Priorem
468 1054 571 1084 esse
597 1037 730 1083 illum
752 1054 761 1095 ;
801 1053 898 1083 non
924 1044 1144 1098 oportere
1169 1036 1283 1082 huic
1308 1036 1424 1083 dari.
1460 1045 1462 1047 ’

226 1119 339 1166 AES.
377 1119 486 1166 Eho
508 1120 517 1166 Σ
556 1135 718 1165 nonne
744 1119 847 1165 haec
868 1118 996 1181 justa
1014 1118 1101 1164 tibi
1122 1118 1342 1164 videntur
1358 1118 1558 1180 postea?

225 1200 316 1247 Mi.
354 1199 484 1247 Non.
556 1199 670 1246 AEs.
708 1199 944 1258 Obsecro,
991 1200 1128 1245 non?
1183 1215 1241 1245 an
1280 1199 1408 1245 illam
1445 1198 1557 1246 hinc

428 1282 649 1340 abducet,
674 1289 808 1344 pater
827 1282 846 1328 ’.Ρ

142 1355 145 1359 ’
225 1363 314 1410 Im.
352 1362 492 1413 Quid
533 1363 661 1409 illam
705 1362 755 1408 ni
799 1362 1042 1409 abducat?
1131 1361 1245 1409 AEs.
1284 1361 1491 1408 Factum
1530 1377 1556 1408 a

423 1444 554 1492 vobis
580 1444 777 1503 duriter,

223 1525 798 1586 Immisericorditerque:
838 1532 976 1586 atque
1000 1524 1160 1583 etiam,
1188 1524 1226 1570 si
1252 1533 1338 1584 est,
1360 1532 1511 1587 pater,

147 1616 198 1657 30
226 1607 502 1653 Dicendum
530 1606 681 1669 magis
710 1613 886 1668 aperte,
913 1604 1222 1652 illiberaliter.

223 1689 313 1736 Mi.
349 1688 718 1738 Quamobrem?
787 1686 901 1733 AEs.
939 1686 1108 1751 Rogas
1133 1688 1243 1734 me‘?
1311 1687 1448 1738 Quid
1485 1688 1551 1735 illi

420 1769 614 1815 tandem
643 1768 838 1816 creditis

223 1850 348 1897 Fore
377 1850 523 1896 animi
548 1851 740 1908 misero,
766 1850 846 1912 qui
874 1866 983 1895 cum
1011 1849 1091 1896 illa
1118 1850 1368 1897 consuevit
1401 1850 1550 1913 prius,

219 1932 323 1983 Qui
350 1931 514 1978 infelix
538 1932 665 1978 haud
690 1931 792 1978 scio
819 1948 877 1978 an
903 1932 1031 1978 illam
1057 1932 1228 1978 misere
1252 1948 1382 1978 nunc
1409 1941 1549 1992 amat,

221 2015 347 2061 Cum
374 2014 500 2060 hanc
525 2013 616 2059 sibi
641 2013 822 2060 videbit
844 2029 1053 2075 praesens
1076 2013 1299 2075 praesenti
1324 2013 1464 2076 e1·ipi‚'

145 2107 195 2146 35
222 2094 418 2141 Abduci
447 2095 505 2140 ab
530 2094 723 2141 oculis?
760 2094 948 2141 facinus
973 2094 1241 2157 indignum,
1266 2103 1399 2156 pater
1422 2096 1430 2142 !

222 2176 311 2223 Mi.
358 2175 476 2226 Qua
517 2175 703 2223 ratione
744 2175 905 2223 istuc?
959 2175 1064 2237 quis
1102 2175 1392 2237 despondit?
1443 2176 1548 2239 quis

420 2256 551 2303 dedit
568 2257 588 2303 'l

222 2338 354 2386 Cui?
391 2337 583 2400 quando
606 2338 802 2401 nupsit?
839 2347 1003 2387 auctor
1039 2338 1113 2384 his
1136 2338 1279 2386 rebus
1302 2338 1407 2402 quis
1432 2346 1503 2386 est
1523 2339 1544 2386 ⁶!
