1648 2738
418 119 672 157 ADELPHI.
723 119 824 157 Ac'r.
847 119 897 156 11.
932 119 1060 158 SCEN.
1078 120 1114 156 2.
1423 113 1490 163 89

612 315 816 359 SCENA
846 315 903 359 Π.

528 442 707 491 SYRUS.
767 440 976 488 SANNto.

165 570 250 633 Sy.
288 570 464 618 TAcE!
523 581 712 635 egomet
758 572 1040 619 conveniam
1080 572 1178 636 jam
1225 572 1412 635 ipsum:

296 652 468 713 cupide
494 652 712 714 accipiat,
739 653 845 699 faxo
861 670 872 711 3
912 661 1050 714 atque
1075 653 1217 700 etiam

101 730 233 778 Bene
278 731 407 778 dicat
453 748 615 779 secum
674 749 777 779 esse
826 742 997 780 actum.
1086 733 1412 793 Quidistuc,

298 813 496 871 Sannio,
523 823 608 871 est,
636 814 760 875 quod
784 822 830 859 te
856 814 998 860 audio

101 889 284 938 Nescio
309 892 422 953 quid
447 895 751 940 concertasse
789 910 897 940 cum
934 895 1086 941 hero?
1155 894 1240 942 Sa.
1277 894 1414 941 Nun-

295 988 435 1033 quam
460 973 555 1020 vidi
581 973 793 1035 iniquius

98 1051 521 1099 Concertationem
569 1063 908 1116 comparatam,
945 1071 1086 1116 quam
1133 1055 1234 1102 haec
1271 1055 1412 1102 hodie

294 1132 415 1179 inter
440 1149 527 1179 nos
553 1134 666 1180 fuit:

97 1211 203 1274 Ego
248 1213 528 1274 vapulando,
587 1213 665 1260 ille
711 1214 1022 1272 verberando,
1071 1230 1221 1276 usque
1274 1215 1412 1261 ambo

293 1293 465 1340 defessi
491 1310 667 1341 sumus.
1434 1310 1461 1348 5

95 1373 181 1436 Sy.
219 1372 330 1420 Tua
356 1374 512 1436 culpa.
581 1374 664 1421 Sa.
701 1375 837 1425 Quid
865 1377 1089 1438 agerem?
1158 1376 1244 1438 Sy.
1283 1376 1413 1422 Ado-

289 1454 487 1501 lescenti
513 1471 691 1501 rnorem
716 1464 900 1518 gestum
927 1456 1145 1518 oportuit.

94 1533 179 1581 Sa.
215 1534 319 1584 Qui
361 1535 494 1596 potui
533 1535 716 1593 meliuS,
743 1535 822 1596 qui
849 1535 991 1582 hodie
1025 1552 1174 1597 usque
1209 1552 1262 1582 os
1296 1553 1413 1600 prae-

288 1615 405 1662 bui?
475 1615 559 1677 Sy.
599 1616 721 1678 Age,
748 1616 842 1662 scis
866 1616 978 1678 quid
1004 1616 1205 1678 loquar?

96 1694 356 1742 Pecuniam
404 1696 452 1742 in
493 1696 600 1743 loco
640 1697 899 1759 negligere,
947 1713 1219 1744 maxumum
1267 1697 1406 1745 inter·

290 1776 401 1822 dum
426 1778 484 1822 'st
507 1776 713 1833 lucrum,
780 1777 863 1824 Sa.
903 1777 1034 1824 Hui!

92 1857 179 1919 Sy.
217 1855 450 1915 Metuisti‚
479 1857 517 1903 si
557 1873 687 1903 nunc
729 1857 787 1902 de
828 1866 910 1904 tuo
946 1858 1052 1920 jure
1088 1859 1408 1906 concessisses

286 1937 548 1999 paululum,
577 1947 716 1999 atque

92 2017 405 2064 Adolescenti
449 2034 575 2064 esses
615 2018 944 2081 morigeratus,
982 2019 1227 2066 hominum
1263 2020 1407 2067 homo

291 2098 582 2156 stultissime,
1432 2115 1482 2155 10

93 2176 169 2223 Ne
215 2193 310 2223 non
357 2178 442 2223 tibi
489 2178 610 2224 istuc
659 2178 943 2225 soeneraret'?
1011 2179 1096 2226 Sa.
1134 2179 1241 2242 Ego
1275 2195 1405 2241 spem

287 2257 439 2318 pretio
463 2274 557 2303 non
583 2273 702 2303 ern0.

91 2336 178 2399 Sy.
215 2336 472 2397 Nunquam
510 2354 610 2384 rem
653 2337 828 2384 facies:
868 2338 969 2385 abi!
1007 2339 1165 2386 nescis
1191 2338 1404 2386 inescare

288 2417 519 2475 homineS,
547 2418 742 2465 Sannio.

490 2498 566 2547 8*
