1648 2738
436 93 658 129 ANDRIA.
710 93 812 129 Ac'r.
832 92 861 127 Ι.
898 93 1025 127 SCEN.
1044 91 1079 126 5.
1386 82 1452 130 25

67 216 160 263 Ρα.
200 216 387 264 Memor
434 218 618 263 essem?
676 232 704 262 0
751 215 902 278 Mysis
923 216 932 261 !
993 214 1144 276 Mysis
1165 214 1175 260 ¹.
1233 213 1376 261 etiam

259 313 389 344 nunc
413 297 529 343 mih1

64 378 254 440 Scripta
278 378 358 425 illa
382 379 510 425 dicta
534 386 640 424 sunt
667 377 714 423 in
742 377 899 423 animo
924 376 1173 438 Chrysidis

63 459 138 506 De
162 459 401 521 Glycerio.
473 459 502 505 J
508 475 578 505 am
605 459 752 505 ferme
776 458 983 504 moriens
1007 472 1083 503 me
1107 464 1246 503 vocat
1267 473 1276 502 :

64 541 266 587 Accessi
288 558 297 598 ;
334 557 416 586 vos
441 548 633 587 semotae
654 556 663 586 z
701 555 788 585 nos
812 538 900 584 soli
923 555 931 584 :
970 537 1166 600 incipit;
1402 546 1453 587 50

64 627 94 648 “
115 621 187 668 Mi
246 622 509 683 Pamphile,
568 620 707 683 hujus
759 620 957 666 formam
1005 627 1144 680 atque
1190 625 1376 664 aetatem

259 703 389 749 vides
411 719 420 748 t

65 783 171 830 Nec
214 783 335 829 clam
376 791 423 829 te
463 791 548 841 est,
593 798 733 844 quam
776 781 843 828 illi
882 789 1095 843 utraeque
1136 797 1210 828 res
1247 796 1376 827 nunc

260 865 416 924 utiles,

64 945 127 993 Et
154 946 211 992 ad
234 945 531 1008 pudicitiam,
558 952 604 991 et
631 945 687 991 ad
712 961 811 991 rem
835 944 1082 991 tutandam
1107 943 1243 991 sient.

62 1027 211 1078 Quod
237 1043 326 1090 ego
351 1035 397 1073 te
420 1042 503 1089 per
527 1026 651 1072 hanc
675 1026 888 1072 dextram
923 1041 1023 1083 oro,
1051 1033 1097 1071 et
1132 1024 1376 1088 ingenium

260 1116 410 1165 tuum,
1126 1107 1128 1109 ’

64 1189 155 1236 Per
179 1197 309 1235 tuam
332 1189 490 1247 fidem,
514 1203 693 1250 perque
718 1187 857 1250 hujus
882 1187 1188 1234 solitudinem
1401 1197 1455 1235 55

64 1269 142 1317 Te
162 1270 387 1328 obtestor,
408 1285 468 1316 ne
490 1270 571 1315 abs
589 1277 636 1316 te
655 1268 780 1315 hanc
800 1284 1037 1332 segreges,
1059 1283 1153 1315 neu
1173 1268 1375 1316 deseras,

65 1350 119 1397 Si
142 1359 189 1397 te
213 1350 262 1396 in
286 1350 499 1413 germani
525 1349 680 1396 fratris
704 1349 847 1396 dilexi
870 1349 995 1407 loco,

66 1430 178 1478 Sive
202 1431 305 1478 haec
330 1439 375 1477 te
399 1431 552 1477 solum
577 1446 760 1492 semper
786 1430 899 1477 fecit
923 1429 1148 1487 maxumi,

67 1513 161 1559 Seu
188 1511 276 1558 tibi
299 1511 537 1575 morigera
560 1510 648 1557 fuit
672 1511 720 1557 in
746 1511 888 1556 rebus
911 1511 1145 1556 omnibus.

65 1591 143 1639 Te
167 1592 245 1639 isti
268 1592 420 1638 virum
446 1591 524 1649 do,
552 1591 774 1649 amicum,
799 1599 1020 1649 tutorem,
1044 1599 1241 1652 patrem.
1402 1602 1458 1641 §a

68 1673 204 1721 Bona
242 1680 406 1719 nostra
444 1672 547 1718 haec
588 1671 675 1718 tibi
715 1671 954 1734 permitto,
991 1679 1038 1718 et
1074 1680 1167 1718 tuae
1204 1672 1382 1720 mando

261 1752 421 1799 fidei.”

67 1833 211 1881 Hanc
234 1833 351 1880 mihi
376 1833 425 1879 in
450 1848 643 1879 manum
669 1832 749 1879 dat
770 1849 780 1879 :
817 1848 944 1878 mors
975 1832 1205 1879 continuo
1230 1833 1382 1896 ipsam

263 1923 480 1977 occupa&

67 1995 253 2059 Accepi
276 2012 285 2042 :
325 2003 570 2057 acceptam
596 1994 806 2041 servabo,
876 1994 980 2057 My.
1017 1994 1090 2041 Ita
1113 2010 1257 2056 spero·
1281 1995 1381 2057 qui-

265 2077 386 2124 dem.

67 2158 166 2206 Pa.
205 2158 301 2205 Sed
325 2174 410 2204 cur
434 2165 485 2203 tu
512 2157 611 2203 abis
639 2157 695 2202 ab
720 2156 837 2202 illa?
919 2156 1021 2219 My.
1059 2155 1382 2204 Obstetricem

267 2254 466 2285 arcesso,
536 2238 635 2284 Pa.
673 2237 893 2298 Propera.

69 2321 231 2383 Atque
258 2319 412 2366 audin'
433 2320 452 2365 ’ἶ
488 2319 683 2365 verbum
707 2333 853 2363 unum
880 2333 993 2364 cave
1018 2318 1076 2364 de
1100 2317 1276 2379 nuptiis
1296 2324 1324 2376 3(
1404 2328 1458 2368 ὦ

69 2401 150 2455 Ne
175 2401 232 2449 ad
255 2401 471 2447 morbum
497 2399 590 2446 hoc
615 2399 771 2445 etiam.
842 2399 945 2461 lisy.
982 2398 1169 2446 Teneo-⁴,

274 2508 301 2535 -r
470 2481 501 2526 3
