1648 2738
417 55 639 92 ANDRIA.
690 56 794 92 Aer.
814 55 844 92 1.
880 56 1009 93 scm.
1026 55 1061 92 3.
1404 48 1466 96 19

70 177 143 224 Ea
177 178 283 242 lege
321 191 460 241 atque
495 178 671 238 omine,
706 187 773 238 ut,
811 178 851 224 si
885 186 932 226 te
968 178 1080 225 inde
1115 178 1390 238 exemerim,

267 276 358 323 ego
382 276 468 322 pro
492 269 539 306 te
563 260 754 307 molam.

67 340 238 390 Quid?
291 341 384 387 hoe
426 341 740 388 intellextin'?
796 357 855 386 an
901 341 1117 387 nondum
1152 341 1296 387 etiam
1331 355 1393 388 ne

268 421 360 467 hoe
387 422 613 483 quidem?
683 421 784 468 Da.
821 421 993 480 Immo,
1020 421 1221 468 callide:
1418 435 1470 475 30

70 500 145 548 Ita
171 511 329 563 aperte
366 502 516 564 ipsam
552 518 652 549 rem
676 502 820 548 modo
844 501 1050 561 locutUS‚
1076 502 1195 548 nihil
1221 501 1395 548 circui-

268 583 399 630 tione
423 600 537 630 usus
561 600 624 631 es.

72 662 131 710 Si
182 663 349 710 Ubivis
387 664 574 710 facilius
607 649 775 726 passus
810 664 916 723 sim,
944 680 1087 726 quam
1124 663 1173 709 in
1208 663 1299 709 hac
1326 678 1394 722 re,

270 760 346 790 me
375 745 603 792 deludier.

73 823 175 870 Da.
214 822 351 871 Bona
374 826 532 884 verba,
560 842 734 887 quaeso.
806 825 877 872 Si.
915 825 1127 872 Irrides?
1163 824 1284 872 nihil
1320 839 1397 872 me

271 905 406 953 fallis.
479 907 575 953 Sed
601 906 711 953 dico
735 906 839 965 tibi,

73 985 152 1033 Ne
185 995 364 1033 temere
401 987 575 1033 facias:
614 1003 771 1049 neque
806 996 858 1034 tu
894 987 988 1034 hoe
1013 987 1162 1046 dicas,
1187 986 1274 1034 tibi
1299 1002 1398 1034 non

269 1068 565 1130 praediotum.
637 1068 796 1116 Cave!

578 1335 786 1380 SCENA
816 1335 895 1380 ΙΙΙ.
917 1386 920 1388 v

642 1476 831 1524 DAvus.

143 1623 434 1681 ENIMVERO,
461 1622 611 1681 Dave,
638 1622 756 1669 nihil
781 1621 877 1669 loci
902 1624 961 1669 'st
985 1622 1218 1686 segnitiae,
1243 1638 1401 1685 neque

275 1702 525 1760 socordiae,

75 1783 331 1834 Quantum
377 1783 590 1830 intellexi
636 1783 779 1829 modo
827 1783 955 1830 senis
1001 1784 1286 1831 sententiam
1343 1783 1402 1832 de

276 1864 467 1926 nuptiis.

77 1945 206 1996 Quae
253 1945 292 1991 si
339 1961 435 1991 non
484 1953 587 1991 astu
626 1944 952 2006 providentur,
994 1961 1070 1992 me
1114 1954 1193 1992 aut
1235 1946 1403 1993 herum

276 2025 666 2088 pessumdabunt.
680 2034 682 2037 ’

82 2105 208 2165 Neo,
234 2104 348 2167 quid
375 2121 527 2168 agam,
554 2113 739 2151 certum
765 2106 822 2151 ’st
837 2122 848 2162 3
885 2105 1252 2168 Pamphilumne
1278 2106 1405 2170 adju-

278 2195 391 2243 tem‚
421 2202 479 2231 an
505 2185 768 2232 auscultem
795 2186 898 2233 seni
921 2202 929 2232 :

84 2267 138 2315 Si
174 2267 307 2314 illum
342 2266 578 2328 relinquo,
604 2265 705 2328 ejus
740 2266 846 2314 vitae
870 2267 1046 2314 timeo:
1083 2268 1157 2315 sin
1182 2268 1405 2332 opitulor,

281 2346 421 2410 hujus
445 2346 599 2393 minas
614 2363 626 2405 ;
1430 2361 1462 2404 {a
