1648 2738
142 64 235 113 124
512 72 769 111 ADELPHI.
821 72 925 109 Aer.
945 70 1013 108 1v.
1048 70 1176 108 scm.
1193 70 1229 108 7.

719 270 926 315 SCENA
956 269 1037 313 VI.

774 397 979 445 DEMEA.

283 531 547 581 DEFESSUS
574 547 679 577 Sum
706 529 1025 577 ambulando:
1066 538 1131 588 ut,
1171 529 1307 591 Syre,
1343 536 1391 574 te
1427 543 1538 574 cum

416 612 497 659 tufi

218 693 570 741 Monstratione
596 709 798 757 magnus
822 693 989 756 perdat
1012 691 1226 754 Jupiter!

217 777 491 839 Perreptavi
516 793 663 839 usque
689 792 830 823 omne
855 775 1078 838 oppidum
1101 792 1110 831 3
1151 774 1206 820 ad
1243 782 1444 836 portam,
1484 771 1541 818 ad

413 859 598 916 lacum3

215 940 333 991 Quo
358 941 489 987 non?
542 956 695 1002 neque
740 939 837 986 illic
880 938 1060 985 fabrica
1101 937 1197 983 ulla
1233 944 1350 994 erat,
1387 950 1542 997 neque

417 1022 606 1068 fratrem
634 1021 776 1067 homo
850 1053 853 1055 -

163 1120 190 1159 5
217 1103 410 1151 Vidisse
436 1120 486 1149 se
514 1103 669 1149 aiebat
692 1102 955 1164 quisquam.
1026 1100 1174 1146 Nunc
1200 1115 1311 1145 vero
1337 1098 1467 1144 domi

218 1185 417 1232 Certum
444 1185 662 1231 obsidere
688 1193 760 1230 est
786 1199 951 1245 usque,
977 1182 1133 1228 donee
1158 1180 1365 1228 redierit.

713 1405 875 1449 SCEN
881 1407 922 1448 A
954 1404 1055 1448 VII.

663 1532 837 1580 Mlclo.
897 1531 1103 1578 DEMEA.

285 1667 375 1715 Mi.
427 1667 534 1726 Isso,
590 1667 683 1713 illis
724 1666 898 1724 dicam,
937 1665 1117 1711 nullam
1160 1679 1264 1710 esse
1311 1662 1360 1709 in
1406 1656 1546 1708 nobis

418 1765 614 1796 moram.

221 1830 313 1878 De.
365 1831 459 1877 Sed
503 1845 674 1877 eeeum
721 1829 903 1892 ipsum!
953 1840 999 1875 te
1041 1826 1324 1890 jamdudum
1369 1840 1544 1887 quaero,

418 1912 586 1959 Minio.

218 1993 307 2040 Mi.
344 1994 633 2044 Quidnam?
716 1993 808 2040 De.
859 1991 984 2038 Fero
1034 1989 1124 2036 alia
1170 1987 1352 2051 flagitia
1388 1987 1445 2034 ad
1481 1996 1544 2046 te,

417 2075 646 2138 ingentia,

220 2156 344 2203 Boni
371 2156 497 2203 illius
524 2154 853 2203 adolescentis.
923 2153 1012 2199 Mi.
1051 2151 1185 2199 Ecce
1207 2149 1390 2197 autern!
1449 2148 1543 2196 De.

416 2236 573 2296 Nova,

166 2323 192 2363 5
221 2318 472 2382 Capitalia.
543 2318 631 2365 Mi.
669 2317 807 2364 Ohe!
841 2316 952 2380 jam.
1023 2314 1116 2361 De.
1154 2312 1347 2373 Nescis,
1372 2310 1451 2376 qui
1476 2309 1546 2357 vir

418 2400 492 2448 sit.
562 2400 652 2448 Mi.
691 2399 822 2448 Scio.
