1648 2738
143 81 238 130 102
522 93 780 131 ADELPHI.
833 94 936 132 Acw.
954 93 1025 130 111.
1060 82 1195 131 Sem-‚⁴
1205 93 1241 130 3.

212 217 509 281 Prospicere.
587 218 678 266 De.
715 218 891 269 Quid?
946 218 1111 266 isthaeo
1146 218 1245 282 jam
1278 235 1428 283 penes
1461 235 1546 267 vos

411 300 608 363 psaltria
632 301 728 347 'st'l

137 391 187 430 35
214 383 301 446 Sy.
340 382 496 429 Ellam
541 382 683 429 intus.
756 382 851 430 De.
890 382 1016 441 Eho,
1056 399 1115 429 an
1141 382 1271 429 domi
1303 392 1376 430 est
1412 383 1545 430 habi-

413 465 587 510 turus?
657 464 743 527 Sy.
783 464 961 523 Credo,
990 473 1041 511 ut
1065 473 1137 511 est
1246 467 1249 469 ’

214 546 487 594 Dementia.
576 546 670 594 De.
733 546 970 593 Haeooine
1016 546 1150 593 fieri!
1235 542 1338 610 83].Γ
1375 546 1547 611 Inepta

412 628 587 676 lenitas

213 710 386 770 Patris,
445 719 492 757 et
556 710 761 757 facilitas
822 726 980 773 prava.
1085 710 1180 758 De.
1240 710 1423 757 Fratris
1470 726 1547 759 me

414 791 609 854 quidem

214 874 387 934 Pudet,
413 874 656 938 pigetque.
730 873 818 937 Sy.
890 873 1113 921 Nimium
1153 874 1276 921 inter
1310 890 1410 934 vos,
1452 873 1549 922 De·

417 973 538 1015 mea,
569 956 650 1019 (ao

215 1036 347 1094 Non,
375 1037 488 1099 quia
524 1036 636 1083 ades
673 1051 899 1098 praesens,
944 1036 1056 1082 dico
1099 1035 1214 1102 hoe)
1258 1035 1549 1099 pernimium

412 1119 623 1166 interest.

136 1210 188 1250 40
213 1201 312 1260 Tu,
338 1210 544 1264 quantus
570 1209 792 1262 quantus,
820 1200 938 1247 nihil
965 1199 1058 1247 nisi
1084 1200 1320 1263 sapientia
1343 1218 1394 1247 es
1416 1217 1426 1248 :

213 1282 318 1340 Ille,
345 1282 599 1329 somnium.
672 1282 870 1329 Sineres
894 1298 1006 1330 vero
1031 1291 1081 1329 tu
1108 1282 1241 1329 illum
1266 1292 1402 1329 tuum

214 1364 399 1412 Facere
443 1365 583 1412 haeo‘?
654 1364 748 1411 De.
789 1370 818 1390 ‘⁶
843 1364 1064 1411 Sinerem
1103 1363 1316 1411 illum!''
1358 1381 1416 1411 an
1453 1381 1548 1412 non

413 1462 496 1493 sex
520 1445 632 1492 totis
659 1445 906 1492 mensibus

215 1528 354 1575 Prius
378 1527 667 1586 olfecissem,
694 1544 837 1589 quam
864 1527 943 1574 ille
967 1528 1226 1590 quidquam
1254 1528 1493 1590 coeperit'!

216 1610 302 1673 Sy.
341 1609 659 1673 Vigilantiam
684 1618 815 1656 tuam
841 1618 892 1656 tu
918 1608 1035 1656 mihi
1061 1611 1259 1657 narras?
1329 1610 1423 1658 De.
1464 1610 1550 1658 Sic.

413 1691 504 1737 siet

138 1778 190 1816 45
217 1771 385 1830 Modo,
436 1780 482 1818 ut
531 1787 662 1818 nuno
701 1783 788 1831 est,
832 1788 1007 1834 quaeso.
1092 1773 1179 1835 Sy.
1232 1772 1296 1820 Ut
1348 1772 1549 1835 quisque.

416 1870 554 1899 suum
582 1853 677 1900 volt
701 1870 823 1912 esse,
851 1854 917 1900 ita
941 1855 1013 1901 ’st.

218 1935 311 1982 De.
337 1935 476 1985 Quid
493 1951 600 1982 eum
623 1974 631 1982 .
656 1973 665 1983 .
690 1973 698 1982 .
720 1937 737 1982 f?
756 1935 961 1982 vidistin'
982 1936 1154 1982 hodie?
1205 1935 1290 1998 Sy.
1313 1935 1545 1983 Tuumne

415 2017 564 2063 filium
584 2018 602 2063 C?

219 2099 428 2162 Abigam
455 2098 584 2144 huno
610 2115 702 2145 rus.
775 2098 1067 2146 Jamdudum
1087 2099 1265 2160 aliquid
1292 2099 1390 2145 ruri
1408 2114 1548 2162 agere

419 2181 632 2228 arbitror.

220 2263 314 2312 De.
356 2262 507 2309 Satin’
536 2262 630 2308 sois
667 2262 732 2308 ibi
760 2264 897 2310 esse?
968 2262 1054 2325 Sy.
1093 2261 1201 2309 Oh!
1240 2262 1321 2325 qui
1358 2271 1549 2327 egomet

417 2342 636 2405 produxi.
709 2343 801 2390 De.
840 2343 1052 2407 Optume
1077 2344 1147 2390 'st.
