<?xml version="1.0" encoding="UTF-8"?>
<!DOCTYPE html PUBLIC "-//W3C//DTD XHTML 1.0 Transitional//EN"
    "http://www.w3.org/TR/xhtml1/DTD/xhtml1-transitional.dtd">
<html xmlns="http://www.w3.org/1999/xhtml" xml:lang="en" lang="en">
 <head>
  <title>
</title>
<meta http-equiv="Content-Type" content="text/html;charset=utf-8" />
  <meta name='ocr-system' content='tesseract 3.04.00' />
  <meta name='ocr-capabilities' content='ocr_page ocr_carea ocr_par ocr_line ocrx_word'/>
</head>
<body>
  <div class='ocr_page' id='page_1' title='image "andriaadelphique00tere_0021.png"; bbox 0 0 1648 2738; ppageno 0'>
   <div class='ocr_carea' id='block_1_1' title="bbox 476 84 1508 138">
    <p class='ocr_par' dir='ltr' id='par_1_1' title="bbox 476 84 1508 138">
     <span class='ocr_line' id='line_1_1' title="bbox 476 84 1508 138; baseline -0.007 0"><span class='ocrx_word' id='word_1_1' title='bbox 476 99 697 138; x_wconf 80' lang='lat' dir='ltr'>ANDmA.</span> <span class='ocrx_word' id='word_1_2' title='bbox 748 98 851 135; x_wconf 63' lang='lat' dir='ltr'>Acv.</span> <span class='ocrx_word' id='word_1_3' title='bbox 871 97 901 134; x_wconf 93' lang='lat'>1.</span> <span class='ocrx_word' id='word_1_4' title='bbox 935 97 1063 135; x_wconf 67' lang='lat' dir='ltr'>scm.</span> <span class='ocrx_word' id='word_1_5' title='bbox 1085 97 1116 132; x_wconf 83' lang='lat'>1.</span> <span class='ocrx_word' id='word_1_6' title='bbox 1445 84 1508 131; x_wconf 89' lang='grc'>15</span> 
     </span>
    </p>
   </div>
   <div class='ocr_carea' id='block_1_2' title="bbox 84 219 1508 1905">
    <p class='ocr_par' dir='ltr' id='par_1_2' title="bbox 85 219 1506 772">
     <span class='ocr_line' id='line_1_2' title="bbox 87 219 1306 287; baseline -0.007 -14"><span class='ocrx_word' id='word_1_7' title='bbox 87 223 338 273; x_wconf 81' lang='lat' dir='ltr'>Procedit:</span> <span class='ocrx_word' id='word_1_8' title='bbox 374 224 643 287; x_wconf 86' lang='lat' dir='ltr'>sequimur:</span> <span class='ocrx_word' id='word_1_9' title='bbox 682 222 739 269; x_wconf 84' lang='lat' dir='ltr'>ad</span> <span class='ocrx_word' id='word_1_10' title='bbox 764 221 1037 284; x_wconf 87' lang='lat' dir='ltr'>sepulcrum</span> <span class='ocrx_word' id='word_1_11' title='bbox 1062 219 1306 266; x_wconf 87' lang='lat' dir='ltr'>venimus:</span> 
     </span>
     <span class='ocr_line' id='line_1_3' title="bbox 85 301 1403 370; baseline -0.006 -17"><span class='ocrx_word' id='word_1_12' title='bbox 85 307 144 353; x_wconf 92' lang='lat' dir='ltr'>In</span> <span class='ocrx_word' id='word_1_13' title='bbox 164 307 322 370; x_wconf 87' lang='lat' dir='ltr'>ignem</span> <span class='ocrx_word' id='word_1_14' title='bbox 344 305 565 368; x_wconf 87' lang='lat' dir='ltr'>imposita</span> <span class='ocrx_word' id='word_1_15' title='bbox 583 306 669 351; x_wconf 79' lang='lat' dir='ltr'>&#39;stt</span> <span class='ocrx_word' id='word_1_16' title='bbox 699 303 851 350; x_wconf 89' lang='lat' dir='ltr'>fletur.</span> <span class='ocrx_word' id='word_1_17' title='bbox 920 302 1111 349; x_wconf 82' lang='lat' dir='ltr'>Interea</span> <span class='ocrx_word' id='word_1_18' title='bbox 1130 301 1233 347; x_wconf 82' lang='lat' dir='ltr'>haec</span> <span class='ocrx_word' id='word_1_19' title='bbox 1253 313 1403 356; x_wconf 89' lang='lat' dir='ltr'>soror,</span> 
     </span>
     <span class='ocr_line' id='line_1_4' title="bbox 85 381 1354 446; baseline -0.007 -10"><span class='ocrx_word' id='word_1_20' title='bbox 85 388 248 438; x_wconf 80' lang='lat' dir='ltr'>Quam</span> <span class='ocrx_word' id='word_1_21' title='bbox 274 387 389 446; x_wconf 83' lang='lat' dir='ltr'>dixi,</span> <span class='ocrx_word' id='word_1_22' title='bbox 417 387 472 433; x_wconf 89' lang='lat' dir='ltr'>ad</span> <span class='ocrx_word' id='word_1_23' title='bbox 498 386 736 432; x_wconf 87' lang='lat' dir='ltr'>flammam</span> <span class='ocrx_word' id='word_1_24' title='bbox 763 383 966 431; x_wconf 84' lang='lat' dir='ltr'>accessit</span> <span class='ocrx_word' id='word_1_25' title='bbox 990 381 1354 445; x_wconf 86' lang='lat' dir='ltr'>imprudentius,</span> 
     </span>
     <span class='ocr_line' id='line_1_5' title="bbox 87 461 1405 530; baseline -0.006 -15"><span class='ocrx_word' id='word_1_26' title='bbox 87 468 214 515; x_wconf 86' lang='lat' dir='ltr'>Satis</span> <span class='ocrx_word' id='word_1_27' title='bbox 234 484 343 514; x_wconf 90' lang='lat' dir='ltr'>cum</span> <span class='ocrx_word' id='word_1_28' title='bbox 363 467 572 530; x_wconf 87' lang='lat' dir='ltr'>periclo:</span> <span class='ocrx_word' id='word_1_29' title='bbox 607 466 673 513; x_wconf 93' lang='lat' dir='ltr'>ibi</span> <span class='ocrx_word' id='word_1_30' title='bbox 691 474 793 512; x_wconf 90' lang='lat' dir='ltr'>tum</span> <span class='ocrx_word' id='word_1_31' title='bbox 812 463 1111 512; x_wconf 85' lang='lat' dir='ltr'>exanimatus</span> <span class='ocrx_word' id='word_1_32' title='bbox 1128 461 1405 524; x_wconf 80' lang='lat' dir='ltr'>Pamphilus</span> 
     </span>
     <span class='ocr_line' id='line_1_6' title="bbox 87 543 1506 595; baseline -0.005 0"><span class='ocrx_word' id='word_1_33' title='bbox 87 549 219 595; x_wconf 86' lang='lat' dir='ltr'>Bene</span> <span class='ocrx_word' id='word_1_34' title='bbox 244 548 591 595; x_wconf 89' lang='lat' dir='ltr'>dissimulatum</span> <span class='ocrx_word' id='word_1_35' title='bbox 618 562 825 594; x_wconf 90' lang='lat' dir='ltr'>amorem</span> <span class='ocrx_word' id='word_1_36' title='bbox 851 553 898 592; x_wconf 88' lang='lat' dir='ltr'>et</span> <span class='ocrx_word' id='word_1_37' title='bbox 921 544 1128 592; x_wconf 84' lang='lat' dir='ltr'>celatum</span> <span class='ocrx_word' id='word_1_38' title='bbox 1153 543 1348 590; x_wconf 87' lang='lat' dir='ltr'>indicat.</span> <span class='ocrx_word' id='word_1_39' title='bbox 1430 545 1506 585; x_wconf 88' lang='lat'>105</span> 
     </span>
     <span class='ocr_line' id='line_1_7' title="bbox 88 625 1250 688; baseline -0.004 -12"><span class='ocrx_word' id='word_1_40' title='bbox 88 630 342 676; x_wconf 84' lang='lat' dir='ltr'><strong>Accurrit:</strong></span> <span class='ocrx_word' id='word_1_41' title='bbox 380 629 587 676; x_wconf 90' lang='lat' dir='ltr'>mediam</span> <span class='ocrx_word' id='word_1_42' title='bbox 610 627 861 674; x_wconf 86' lang='lat' dir='ltr'>mulierem</span> <span class='ocrx_word' id='word_1_43' title='bbox 887 625 1250 688; x_wconf 82' lang='lat' dir='ltr'>complectitur:</span> 
     </span>
     <span class='ocr_line' id='line_1_8' title="bbox 87 706 1406 772; baseline -0.004 -15"><span class='ocrx_word' id='word_1_44' title='bbox 87 710 248 757; x_wconf 85' lang='lat' dir='ltr'>“Mea</span> <span class='ocrx_word' id='word_1_45' title='bbox 282 710 633 772; x_wconf 89' lang='lat' dir='ltr'>Glycerium!&#39;&#39;</span> <span class='ocrx_word' id='word_1_46' title='bbox 672 708 841 772; x_wconf 90' lang='lat' dir='ltr'>inquit,</span> <span class='ocrx_word' id='word_1_47' title='bbox 879 707 1040 770; x_wconf 91' lang='lat' dir='ltr'>“quid</span> <span class='ocrx_word' id='word_1_48' title='bbox 1078 706 1213 770; x_wconf 66' lang='lat' dir='ltr'>agis?</span> <span class='ocrx_word' id='word_1_49' title='bbox 1249 712 1406 752; x_wconf 86' lang='lat' dir='ltr'>curte</span> 
     </span>
    </p>

    <p class='ocr_par' dir='ltr' id='par_1_3' title="bbox 84 791 1408 1093">
     <span class='ocr_line' id='line_1_9' title="bbox 283 791 662 853; baseline 0 -17"><span class='ocrx_word' id='word_1_50' title='bbox 283 791 323 837; x_wconf 90' lang='lat' dir='ltr'>is</span> <span class='ocrx_word' id='word_1_51' title='bbox 345 791 583 853; x_wconf 90' lang='lat' dir='ltr'>perditum</span> <span class='ocrx_word' id='word_1_52' title='bbox 599 792 618 837; x_wconf 71' lang='grc' dir='ltr'>’ἒ</span> <span class='ocrx_word' id='word_1_53' title='bbox 635 791 662 812; x_wconf 84' lang='grc'>”</span> 
     </span>
     <span class='ocr_line' id='line_1_10' title="bbox 84 869 1391 930; baseline -0.003 -13"><span class='ocrx_word' id='word_1_54' title='bbox 84 870 217 917; x_wconf 88' lang='lat' dir='ltr'>Tum</span> <span class='ocrx_word' id='word_1_55' title='bbox 242 871 338 930; x_wconf 86' lang='lat' dir='ltr'>illa,</span> <span class='ocrx_word' id='word_1_56' title='bbox 363 879 415 917; x_wconf 91' lang='lat' dir='ltr'>ut</span> <span class='ocrx_word' id='word_1_57' title='bbox 441 879 725 917; x_wconf 88' lang='lat' dir='ltr'>consuetum</span> <span class='ocrx_word' id='word_1_58' title='bbox 750 869 892 917; x_wconf 87' lang='lat' dir='ltr'>facile</span> <span class='ocrx_word' id='word_1_59' title='bbox 918 884 1126 916; x_wconf 87' lang='lat' dir='ltr'>amorem</span> <span class='ocrx_word' id='word_1_60' title='bbox 1152 883 1391 926; x_wconf 88' lang='lat' dir='ltr'>cerneres,</span> 
     </span>
     <span class='ocr_line' id='line_1_11' title="bbox 85 949 1239 1015; baseline -0.003 -16"><span class='ocrx_word' id='word_1_61' title='bbox 85 952 281 1015; x_wconf 90' lang='lat' dir='ltr'>Rejecit</span> <span class='ocrx_word' id='word_1_62' title='bbox 304 967 354 999; x_wconf 92' lang='lat' dir='ltr'>se</span> <span class='ocrx_word' id='word_1_63' title='bbox 378 951 427 998; x_wconf 90' lang='lat' dir='ltr'>in</span> <span class='ocrx_word' id='word_1_64' title='bbox 452 967 579 1011; x_wconf 92' lang='lat' dir='ltr'>eum,</span> <span class='ocrx_word' id='word_1_65' title='bbox 604 951 739 1010; x_wconf 89' lang='lat' dir='ltr'>flens,</span> <span class='ocrx_word' id='word_1_66' title='bbox 765 967 905 1013; x_wconf 86' lang='lat' dir='ltr'>quam</span> <span class='ocrx_word' id='word_1_67' title='bbox 931 949 1239 997; x_wconf 83' lang='lat' dir='ltr'>familiariter.</span> 
     </span>
     <span class='ocr_line' id='line_1_12' title="bbox 86 1030 1408 1093; baseline -0.002 -14"><span class='ocrx_word' id='word_1_68' title='bbox 86 1031 164 1080; x_wconf 85' lang='lat' dir='ltr'>So.</span> <span class='ocrx_word' id='word_1_69' title='bbox 199 1032 337 1083; x_wconf 77' lang='lat' dir='ltr'>Quid</span> <span class='ocrx_word' id='word_1_70' title='bbox 385 1033 479 1079; x_wconf 84' lang='lat' dir='ltr'>ais!</span> <span class='ocrx_word' id='word_1_71' title='bbox 572 1031 644 1079; x_wconf 79' lang='lat' dir='ltr'>Si.</span> <span class='ocrx_word' id='word_1_72' title='bbox 682 1031 855 1079; x_wconf 88' lang='lat' dir='ltr'>Redeo</span> <span class='ocrx_word' id='word_1_73' title='bbox 901 1030 1014 1078; x_wconf 88' lang='lat' dir='ltr'>inde</span> <span class='ocrx_word' id='word_1_74' title='bbox 1059 1030 1224 1089; x_wconf 88' lang='lat' dir='ltr'>iratus,</span> <span class='ocrx_word' id='word_1_75' title='bbox 1267 1037 1408 1093; x_wconf 89' lang='lat' dir='ltr'>atque</span> 
     </span>
    </p>

    <p class='ocr_par' dir='ltr' id='par_1_4' title="bbox 84 1112 1508 1905">
     <span class='ocr_line' id='line_1_13' title="bbox 284 1112 1507 1177; baseline -0.007 -16"><span class='ocrx_word' id='word_1_76' title='bbox 284 1129 408 1177; x_wconf 87' lang='lat' dir='ltr'>aegre</span> <span class='ocrx_word' id='word_1_77' title='bbox 434 1114 604 1160; x_wconf 88' lang='lat' dir='ltr'>ferens.</span> <span class='ocrx_word' id='word_1_78' title='bbox 1430 1112 1507 1152; x_wconf 91' lang='grc'>110</span> 
     </span>
     <span class='ocr_line' id='line_1_14' title="bbox 86 1190 1274 1258; baseline -0.003 -17"><span class='ocrx_word' id='word_1_79' title='bbox 86 1193 135 1241; x_wconf 95' lang='lat' dir='ltr'>N</span> <span class='ocrx_word' id='word_1_80' title='bbox 139 1210 195 1241; x_wconf 90' lang='lat' dir='ltr'>ec</span> <span class='ocrx_word' id='word_1_81' title='bbox 220 1195 333 1242; x_wconf 86' lang='lat' dir='ltr'>satis</span> <span class='ocrx_word' id='word_1_82' title='bbox 359 1194 417 1241; x_wconf 83' lang='lat' dir='ltr'>ad</span> <span class='ocrx_word' id='word_1_83' title='bbox 442 1192 793 1258; x_wconf 86' lang='lat' dir='ltr'>objurgandum</span> <span class='ocrx_word' id='word_1_84' title='bbox 818 1208 989 1240; x_wconf 83' lang='lat' dir='ltr'>causae.</span> <span class='ocrx_word' id='word_1_85' title='bbox 1060 1190 1274 1251; x_wconf 89' lang='lat' dir='ltr'>Diceret,</span> 
     </span>
     <span class='ocr_line' id='line_1_15' title="bbox 86 1272 1408 1338; baseline -0.003 -15"><span class='ocrx_word' id='word_1_86' title='bbox 86 1280 117 1301; x_wconf 89' lang='lat'><em>“</em></span> <span class='ocrx_word' id='word_1_87' title='bbox 133 1275 272 1326; x_wconf 75' lang='lat' dir='ltr'>Quid</span> <span class='ocrx_word' id='word_1_88' title='bbox 297 1275 425 1322; x_wconf 69' lang='lat' dir='ltr'>feci?</span> <span class='ocrx_word' id='word_1_89' title='bbox 459 1274 573 1338; x_wconf 89' lang='lat' dir='ltr'>quid</span> <span class='ocrx_word' id='word_1_90' title='bbox 598 1273 879 1333; x_wconf 88' lang='lat' dir='ltr'>commerui,</span> <span class='ocrx_word' id='word_1_91' title='bbox 902 1282 982 1321; x_wconf 89' lang='lat' dir='ltr'>aut</span> <span class='ocrx_word' id='word_1_92' title='bbox 1003 1272 1220 1336; x_wconf 88' lang='lat' dir='ltr'>peccavi,</span> <span class='ocrx_word' id='word_1_93' title='bbox 1238 1273 1408 1336; x_wconf 69' lang='lat' dir='ltr'>pater?</span> 
     </span>
     <span class='ocr_line' id='line_1_16' title="bbox 84 1354 1295 1420; baseline -0.004 -15"><span class='ocrx_word' id='word_1_94' title='bbox 84 1355 212 1407; x_wconf 79' lang='lat' dir='ltr'>Quae</span> <span class='ocrx_word' id='word_1_95' title='bbox 238 1372 343 1404; x_wconf 89' lang='lat' dir='ltr'>sese</span> <span class='ocrx_word' id='word_1_96' title='bbox 367 1356 416 1403; x_wconf 91' lang='lat' dir='ltr'>in</span> <span class='ocrx_word' id='word_1_97' title='bbox 442 1356 604 1420; x_wconf 87' lang='lat' dir='ltr'>ignem</span> <span class='ocrx_word' id='word_1_98' title='bbox 628 1355 828 1418; x_wconf 88' lang='lat' dir='ltr'>injicere</span> <span class='ocrx_word' id='word_1_99' title='bbox 851 1354 1018 1414; x_wconf 91' lang='lat' dir='ltr'>voluit,</span> <span class='ocrx_word' id='word_1_100' title='bbox 1041 1354 1295 1417; x_wconf 88' lang='lat' dir='ltr'>prohibui;</span> 
     </span>
     <span class='ocr_line' id='line_1_17' title="bbox 87 1434 1405 1498; baseline -0.002 -14"><span class='ocrx_word' id='word_1_101' title='bbox 87 1437 283 1484; x_wconf 84' lang='lat' dir='ltr'>Servavi</span> <span class='ocrx_word' id='word_1_102' title='bbox 301 1453 310 1484; x_wconf 90' lang='lat'>:</span> <span class='ocrx_word' id='word_1_103' title='bbox 328 1438 355 1459; x_wconf 88' lang='lat'>&#39;&#39;</span> <span class='ocrx_word' id='word_1_104' title='bbox 393 1436 595 1484; x_wconf 87' lang='lat' dir='ltr'>honesta</span> <span class='ocrx_word' id='word_1_105' title='bbox 613 1436 768 1483; x_wconf 86' lang='lat' dir='ltr'>oratio</span> <span class='ocrx_word' id='word_1_106' title='bbox 787 1444 873 1483; x_wconf 87' lang='lat' dir='ltr'>est.</span> <span class='ocrx_word' id='word_1_107' title='bbox 943 1434 1022 1483; x_wconf 82' lang='lat' dir='ltr'>So.</span> <span class='ocrx_word' id='word_1_108' title='bbox 1059 1435 1220 1482; x_wconf 87' lang='lat' dir='ltr'>Recte</span> <span class='ocrx_word' id='word_1_109' title='bbox 1238 1443 1405 1498; x_wconf 85' lang='lat' dir='ltr'>putas:</span> 
     </span>
     <span class='ocr_line' id='line_1_18' title="bbox 87 1515 1508 1581; baseline -0.001 -17"><span class='ocrx_word' id='word_1_110' title='bbox 87 1516 217 1564; x_wconf 91' lang='lat' dir='ltr'>Nam</span> <span class='ocrx_word' id='word_1_111' title='bbox 242 1517 281 1564; x_wconf 89' lang='lat' dir='ltr'>si</span> <span class='ocrx_word' id='word_1_112' title='bbox 307 1517 439 1564; x_wconf 91' lang='lat' dir='ltr'>illum</span> <span class='ocrx_word' id='word_1_113' title='bbox 463 1517 702 1581; x_wconf 85' lang='lat' dir='ltr'>objurges,</span> <span class='ocrx_word' id='word_1_114' title='bbox 728 1516 835 1564; x_wconf 88' lang='lat' dir='ltr'>vitae</span> <span class='ocrx_word' id='word_1_115' title='bbox 860 1516 941 1578; x_wconf 92' lang='lat' dir='ltr'>qui</span> <span class='ocrx_word' id='word_1_116' title='bbox 967 1515 1196 1563; x_wconf 87' lang='lat' dir='ltr'>auxilium</span> <span class='ocrx_word' id='word_1_117' title='bbox 1220 1515 1345 1575; x_wconf 89' lang='lat' dir='ltr'>tulit,</span> <span class='ocrx_word' id='word_1_118' title='bbox 1431 1522 1508 1563; x_wconf 89' lang='lat'>115</span> 
     </span>
     <span class='ocr_line' id='line_1_19' title="bbox 87 1596 1407 1660; baseline -0.002 -15"><span class='ocrx_word' id='word_1_119' title='bbox 87 1597 225 1648; x_wconf 81' lang='lat' dir='ltr'>Quid</span> <span class='ocrx_word' id='word_1_120' title='bbox 249 1597 397 1644; x_wconf 83' lang='lat' dir='ltr'>facias</span> <span class='ocrx_word' id='word_1_121' title='bbox 422 1597 506 1657; x_wconf 92' lang='lat' dir='ltr'>illi,</span> <span class='ocrx_word' id='word_1_122' title='bbox 527 1597 608 1660; x_wconf 92' lang='lat' dir='ltr'>qui</span> <span class='ocrx_word' id='word_1_123' title='bbox 628 1597 813 1644; x_wconf 87' lang='lat' dir='ltr'>dederit</span> <span class='ocrx_word' id='word_1_124' title='bbox 837 1597 1064 1643; x_wconf 89' lang='lat' dir='ltr'>damnum</span> <span class='ocrx_word' id='word_1_125' title='bbox 1090 1605 1171 1644; x_wconf 90' lang='lat' dir='ltr'>aut</span> <span class='ocrx_word' id='word_1_126' title='bbox 1194 1596 1407 1643; x_wconf 72' lang='lat' dir='ltr'>malum?</span> 
     </span>
     <span class='ocr_line' id='line_1_20' title="bbox 88 1679 1352 1742; baseline -0.001 -15"><span class='ocrx_word' id='word_1_127' title='bbox 88 1679 161 1727; x_wconf 72' lang='lat' dir='ltr'>Si.</span> <span class='ocrx_word' id='word_1_128' title='bbox 197 1679 345 1726; x_wconf 88' lang='lat' dir='ltr'>Venit</span> <span class='ocrx_word' id='word_1_129' title='bbox 369 1679 601 1727; x_wconf 83' lang='lat' dir='ltr'>Chremes</span> <span class='ocrx_word' id='word_1_130' title='bbox 623 1679 855 1742; x_wconf 89' lang='lat' dir='ltr'>postridie</span> <span class='ocrx_word' id='word_1_131' title='bbox 880 1679 939 1726; x_wconf 86' lang='lat' dir='ltr'>ad</span> <span class='ocrx_word' id='word_1_132' title='bbox 965 1694 1057 1739; x_wconf 91' lang='lat' dir='ltr'>me,</span> <span class='ocrx_word' id='word_1_133' title='bbox 1083 1679 1352 1738; x_wconf 87' lang='lat' dir='ltr'>clamitans,</span> 
     </span>
     <span class='ocr_line' id='line_1_21' title="bbox 91 1759 1262 1824; baseline -0.001 -17"><span class='ocrx_word' id='word_1_134' title='bbox 91 1759 348 1824; x_wconf 88' lang='lat' dir='ltr'>Indignum</span> <span class='ocrx_word' id='word_1_135' title='bbox 373 1760 588 1807; x_wconf 87' lang='lat' dir='ltr'>facinus!</span> <span class='ocrx_word' id='word_1_136' title='bbox 627 1760 933 1823; x_wconf 85' lang='lat' dir='ltr'>comperisse,</span> <span class='ocrx_word' id='word_1_137' title='bbox 959 1759 1262 1824; x_wconf 81' lang='lat' dir='ltr'>Pamphilum</span> 
     </span>
     <span class='ocr_line' id='line_1_22' title="bbox 90 1840 1407 1905; baseline 0 -17"><span class='ocrx_word' id='word_1_138' title='bbox 90 1841 183 1889; x_wconf 90' lang='lat' dir='ltr'>Pro</span> <span class='ocrx_word' id='word_1_139' title='bbox 219 1857 364 1888; x_wconf 88' lang='lat' dir='ltr'>uxore</span> <span class='ocrx_word' id='word_1_140' title='bbox 400 1841 576 1888; x_wconf 86' lang='lat' dir='ltr'>habere</span> <span class='ocrx_word' id='word_1_141' title='bbox 610 1841 736 1889; x_wconf 87' lang='lat' dir='ltr'>hanc</span> <span class='ocrx_word' id='word_1_142' title='bbox 769 1841 1087 1905; x_wconf 85' lang='lat' dir='ltr'>peregrinam.</span> <span class='ocrx_word' id='word_1_143' title='bbox 1156 1840 1265 1905; x_wconf 91' lang='lat' dir='ltr'>Ego</span> <span class='ocrx_word' id='word_1_144' title='bbox 1289 1841 1407 1889; x_wconf 90' lang='lat' dir='ltr'>illud</span> 
     </span>
    </p>
   </div>
   <div class='ocr_carea' id='block_1_3' title="bbox 90 1922 1506 2229">
    <p class='ocr_par' dir='ltr' id='par_1_5' title="bbox 90 1922 1506 2229">
     <span class='ocr_line' id='line_1_23' title="bbox 286 1922 452 1969; baseline 0 0"><span class='ocrx_word' id='word_1_145' title='bbox 286 1922 452 1969; x_wconf 88' lang='lat' dir='ltr'>sedulo</span> 
     </span>
     <span class='ocr_line' id='line_1_24' title="bbox 92 2003 1506 2068; baseline 0.002 -17"><span class='ocrx_word' id='word_1_146' title='bbox 92 2003 283 2068; x_wconf 87' lang='lat' dir='ltr'>Negare</span> <span class='ocrx_word' id='word_1_147' title='bbox 308 2004 515 2051; x_wconf 85' lang='lat' dir='ltr'>sactum:</span> <span class='ocrx_word' id='word_1_148' title='bbox 553 2004 632 2050; x_wconf 91' lang='lat' dir='ltr'>ille</span> <span class='ocrx_word' id='word_1_149' title='bbox 657 2003 801 2050; x_wconf 89' lang='lat' dir='ltr'>instat</span> <span class='ocrx_word' id='word_1_150' title='bbox 825 2003 1002 2050; x_wconf 85' lang='lat' dir='ltr'>factum</span> <span class='ocrx_word' id='word_1_151' title='bbox 1023 2021 1032 2049; x_wconf 74' lang='grc' dir='ltr'>ε</span> <span class='ocrx_word' id='word_1_152' title='bbox 1070 2003 1276 2066; x_wconf 85' lang='lat' dir='ltr'>denique</span> <span class='ocrx_word' id='word_1_153' title='bbox 1431 2013 1506 2054; x_wconf 80' lang='lat'>120</span> 
     </span>
     <span class='ocr_line' id='line_1_25' title="bbox 90 2084 1144 2147; baseline -0.001 -15"><span class='ocrx_word' id='word_1_154' title='bbox 90 2085 164 2132; x_wconf 87' lang='lat' dir='ltr'>Ita</span> <span class='ocrx_word' id='word_1_155' title='bbox 187 2094 287 2132; x_wconf 90' lang='lat' dir='ltr'>tum</span> <span class='ocrx_word' id='word_1_156' title='bbox 313 2085 510 2132; x_wconf 89' lang='lat' dir='ltr'>discedo</span> <span class='ocrx_word' id='word_1_157' title='bbox 536 2085 594 2132; x_wconf 85' lang='lat' dir='ltr'>ab</span> <span class='ocrx_word' id='word_1_158' title='bbox 620 2085 717 2143; x_wconf 87' lang='lat' dir='ltr'>illo,</span> <span class='ocrx_word' id='word_1_159' title='bbox 744 2093 796 2131; x_wconf 90' lang='lat' dir='ltr'>ut</span> <span class='ocrx_word' id='word_1_160' title='bbox 819 2084 899 2147; x_wconf 92' lang='lat' dir='ltr'>qui</span> <span class='ocrx_word' id='word_1_161' title='bbox 924 2101 974 2131; x_wconf 91' lang='lat' dir='ltr'>se</span> <span class='ocrx_word' id='word_1_162' title='bbox 998 2084 1144 2131; x_wconf 90' lang='lat' dir='ltr'>filiam</span> 
     </span>
     <span class='ocr_line' id='line_1_26' title="bbox 91 2164 1406 2229; baseline 0 -17"><span class='ocrx_word' id='word_1_163' title='bbox 91 2165 252 2229; x_wconf 85' lang='lat' dir='ltr'>Neget</span> <span class='ocrx_word' id='word_1_164' title='bbox 271 2165 504 2213; x_wconf 88' lang='lat' dir='ltr'>daturum.</span> <span class='ocrx_word' id='word_1_165' title='bbox 576 2165 653 2212; x_wconf 82' lang='lat' dir='ltr'>So.</span> <span class='ocrx_word' id='word_1_166' title='bbox 692 2164 740 2211; x_wconf 96' lang='lat' dir='ltr'>N</span> <span class='ocrx_word' id='word_1_167' title='bbox 744 2181 806 2211; x_wconf 91' lang='lat' dir='ltr'>on</span> <span class='ocrx_word' id='word_1_168' title='bbox 825 2173 875 2211; x_wconf 91' lang='lat' dir='ltr'>tu</span> <span class='ocrx_word' id='word_1_169' title='bbox 900 2165 965 2212; x_wconf 90' lang='lat' dir='ltr'>ibi</span> <span class='ocrx_word' id='word_1_170' title='bbox 984 2175 1181 2229; x_wconf 87' lang='lat' dir='ltr'>gnatum</span> <span class='ocrx_word' id='word_1_171' title='bbox 1202 2199 1367 2213; x_wconf 91' lang='grc'><strong>.....</strong></span> <span class='ocrx_word' id='word_1_172' title='bbox 1387 2166 1406 2212; x_wconf 76' lang='grc' dir='ltr'>’ξ</span> 
     </span>
    </p>
   </div>
   <div class='ocr_carea' id='block_1_4' title="bbox 92 2245 1406 2455">
    <p class='ocr_par' dir='ltr' id='par_1_6' title="bbox 92 2245 1406 2455">
     <span class='ocr_line' id='line_1_27' title="bbox 288 2245 817 2309; baseline -0.002 -17"><span class='ocrx_word' id='word_1_173' title='bbox 288 2246 359 2293; x_wconf 74' lang='lat' dir='ltr'>Si.</span> <span class='ocrx_word' id='word_1_174' title='bbox 395 2245 474 2294; x_wconf 92' lang='lat' dir='ltr'>Ne</span> <span class='ocrx_word' id='word_1_175' title='bbox 498 2247 601 2293; x_wconf 86' lang='lat' dir='ltr'>haec</span> <span class='ocrx_word' id='word_1_176' title='bbox 625 2246 817 2309; x_wconf 87' lang='lat' dir='ltr'>quidem</span> 
     </span>
     <span class='ocr_line' id='line_1_28' title="bbox 92 2326 1406 2391; baseline 0 -17"><span class='ocrx_word' id='word_1_177' title='bbox 92 2326 221 2374; x_wconf 88' lang='lat' dir='ltr'>Satis</span> <span class='ocrx_word' id='word_1_178' title='bbox 240 2327 494 2374; x_wconf 89' lang='lat' dir='ltr'>vehemens</span> <span class='ocrx_word' id='word_1_179' title='bbox 515 2343 658 2374; x_wconf 84' lang='lat' dir='ltr'>causa</span> <span class='ocrx_word' id='word_1_180' title='bbox 676 2326 732 2373; x_wconf 87' lang='lat' dir='ltr'>ad</span> <span class='ocrx_word' id='word_1_181' title='bbox 748 2327 1110 2391; x_wconf 84' lang='lat' dir='ltr'>objurgandum.</span> <span class='ocrx_word' id='word_1_182' title='bbox 1181 2327 1259 2374; x_wconf 72' lang='lat' dir='ltr'>Sa.</span> <span class='ocrx_word' id='word_1_183' title='bbox 1283 2326 1406 2386; x_wconf 80' lang='lat' dir='ltr'>Qui,</span> 
     </span>
     <span class='ocr_line' id='line_1_29' title="bbox 288 2406 443 2455; baseline -0.006 0"><span class='ocrx_word' id='word_1_184' title='bbox 288 2406 443 2455; x_wconf 72' lang='lat' dir='ltr'>cedo?</span> 
     </span>
    </p>
   </div>
  </div>
 </body>
</html>
