1648 2738
144 47 208 111 44
534 69 754 107 ANDRJA.
807 70 911 107 Aer.
939 69 1010 107 111.
1045 70 1174 108 scm«.
1191 70 1227 107 3.

220 196 483 243 Reducant
509 195 720 242 animum
747 204 978 259 aegrotum
1005 195 1064 243 ad
1088 194 1488 256 misericordiam,

219 277 428 325 Uxorem
455 278 636 325 demus.
710 278 879 340 Spero,
906 277 1257 325 consuetudine

228 359 284 406 Et
309 359 537 422 conjugio
562 359 747 406 liberali
774 359 1067 418 devinctum,
1095 359 1319 418 Chreme,

144 442 195 484 31¹>
222 441 349 488 Dein
376 441 518 488 facile
543 457 603 488 ex
627 441 720 487 illis
745 456 850 487 sese
874 456 1171 487 emersurum
1196 440 1348 500 malis.

224 522 311 570 Ch.
349 522 466 569 Tibi
494 523 558 569 ita
583 523 676 569 hoc
700 522 915 569 videtur:
956 530 1001 568 at
1026 538 1117 586 ego
1142 538 1239 568 non
1262 537 1404 584 posse
1429 520 1545 568 arbi·

418 614 532 664 tror,

223 686 395 749 Neque
433 686 566 739 illum
609 685 734 732 hanc
775 694 1007 748 perpetuo
1044 683 1239 743 habere,
1279 699 1436 747 neque
1471 699 1549 732 me

416 767 614 830 perpeti.

220 849 291 896 Si.
328 849 432 899 Qui
460 849 555 895 scis
580 865 695 913 ergo
721 849 861 907 istuc,
888 848 978 895 nisi
1003 847 1273 910 periculum
1299 846 1505 894 seceris?

223 930 309 978 Cla.
349 932 416 977 At
442 931 563 977 istuc
589 930 856 993 periculum
884 930 932 976 in
957 930 1055 976 filia
1079 929 1199 988 fieri,
1225 944 1368 992 grave
1393 936 1479 976 est.

110 1019 194 1061 ‚35
220 1012 291 1059 Sl.
329 1011 520 1074 Nempe
563 1012 932 1058 incommoditas
974 1011 1182 1073 denique
1240 1010 1336 1057 huc
1393 1008 1550 1057 omnis

418 1094 542 1141 redit
564 1111 573 1140 :

219 1175 273 1222 Si
298 1175 502 1234 eveniat,
530 1175 656 1237 quod
681 1174 745 1222 Di
771 1174 1074 1237 prohibeant,
1101 1172 1349 1220 discessio.

220 1258 288 1303 At
313 1257 351 1303 si
378 1257 650 1320 corrigitur,
678 1265 792 1317 quot
817 1255 1200 1313 commoditateS,
1227 1254 1348 1301 vide.

218 1337 483 1400 Principio,
512 1338 667 1384 amico
693 1338 843 1383 filium
868 1336 1134 1383 restitueris
1157 1353 1165 1382 :

218 1419 336 1466 Tibi
361 1436 593 1483 generum
618 1420 822 1477 firmum,
849 1428 894 1465 et
921 1418 1029 1464 filiae
1057 1417 1272 1464 invenies
1296 1416 1463 1464 virum.

142 1507 193 1547 40
223 1500 310 1548 01¹2.
346 1501 484 1551 Quid
511 1501 666 1547 istuc?
704 1500 743 1546 si
769 1500 834 1546 ita
859 1500 983 1546 istuc
1005 1499 1215 1545 animum
1237 1498 1424 1544 induxti
1445 1512 1549 1545 esse

419 1582 551 1640 utile,

218 1663 350 1711 Nolo
374 1664 461 1710 tibi
488 1663 636 1710 ullum
664 1662 972 1709 commodum
999 1662 1047 1708 in
1072 1678 1149 1709 me
1174 1661 1401 1709 claudier.

219 1745 291 1792 Si.
330 1744 509 1791 Merito
533 1754 580 1792 te
605 1761 790 1806 semper
817 1745 1023 1790 maxumi
1054 1744 1162 1802 feci,
1191 1743 1413 1790 Chreme.

223 1826 308 1873 Ct'z.
349 1827 445 1873 Sed
483 1827 596 1888 quid
635 1827 739 1872 ais?
822 1826 892 1872 Si.
929 1825 1104 1875 Quid?
1191 1825 1276 1871 Ch.
1312 1823 1418 1874 Qui
1454 1823 1550 1871 scis

418 1924 500 1954 eos
527 1924 656 1954 nunc
683 1907 958 1954 discordare
985 1907 1106 1952 inter
1133 1907 1215 1953 se'?

219 1990 291 2036 Si.
331 1989 471 2051 Ipsus
517 1989 632 2034 mihi
682 1989 861 2046 Davus,
905 1987 984 2050 qui
1029 1987 1223 2033 intimus
1264 1996 1336 2033 est
1377 2002 1545 2033 eorum

418 2070 649 2128 consiliis,
677 2070 807 2117 dixit.

142 2160 194 2199 45
219 2151 282 2198 Et
324 2151 363 2198 is
401 2151 516 2197 mihi
560 2152 743 2209 suadet,
771 2151 977 2213 nuptias,
1005 2159 1235 2212 quantum
1277 2165 1466 2211 queam,
1493 2157 1547 2196 ut

418 2241 665 2279 maturem.

219 2314 351 2362 Num
396 2330 564 2360 censes
614 2314 807 2372 faceret,
845 2314 996 2360 filium
1045 2312 1135 2359 nisi
1183 2313 1326 2360 sciret
1374 2311 1545 2360 eadem

418 2396 520 2443 haec
545 2395 696 2443 velle?
