1648 2738
157 87 254 136 122
536 95 790 133 ADELPHI.
840 97 943 134 Ac'r.
963 96 1031 134 IV.
1067 98 1195 134 Sem«.
1213 98 1248 134 5.

150 230 203 269 55
230 220 483 283 Numquid
509 221 885 285 circumspexti?
923 231 1004 269 aut
1044 222 1277 285 numquid
1312 231 1414 271 tute
1447 238 1554 287 pro-

429 303 581 365 spexti
605 303 710 363 tibi,

225 383 363 434 Quid
389 383 559 431 fieret?
594 385 688 446 quei
712 385 882 432 fieret?
918 385 957 431 si
983 393 1029 432 te
1054 385 1207 448 ipsum
1234 385 1349 432 mihi
1383 385 1554 450 puduit

430 465 609 524 dicere,

224 544 342 596 Qua
378 546 722 594 resciscerem?
809 547 930 594 Haec
968 547 1081 594 dum
1124 548 1328 608 dubitaS,
1366 563 1553 596 menses

432 628 651 675 abierunt
676 629 859 676 decem.

225 707 485 756 Prodidisti
522 719 569 756 et
606 719 668 769 te,
708 719 756 756 et
798 710 924 757 illam
969 710 1207 770 miseram,
1250 719 1298 757 et
1337 719 1551 774 gnatum,

425 791 552 853 quod
578 791 770 853 quidem
799 792 846 837 in
873 801 919 838 te
947 792 1046 839 fuit.

224 872 402 924 Quid?
439 873 686 932 credebas,
713 873 968 920 dormienti
995 874 1097 921 haec
1122 875 1208 920 tibi
1245 875 1552 922 confecturos

422 954 587 1001 Deos?

148 1051 198 1092 60
225 1035 289 1083 Et
314 1036 440 1083 illam
458 1036 561 1083 sine
586 1037 669 1082 tufi
689 1037 833 1099 opere
853 1036 899 1083 in
918 1037 1195 1084 cubiculum
1217 1037 1272 1083 iri
1291 1038 1551 1085 deductum

427 1118 660 1164 domum?

224 1198 391 1245 Nolim
449 1207 714 1246 ceterarum
773 1216 930 1246 rerum
989 1210 1035 1246 te
1083 1200 1335 1247 socordem
1383 1200 1549 1248 eodem

423 1281 578 1328 modo.

224 1362 363 1409 Bono
411 1362 568 1409 animo
614 1378 694 1410 es:
755 1363 903 1410 duces
951 1379 1144 1411 uxorem
1203 1365 1341 1412 hanc.
1434 1364 1546 1412 AEs.

421 1443 575 1490 Hem!
614 1443 703 1491 Mi.
743 1445 880 1491 Bono
898 1446 1056 1492 animo
1078 1462 1144 1502 es,
1169 1447 1374 1509 inquam.
1434 1445 1547 1493 AB&

420 1524 577 1583 Pater,

223 1605 459 1664 Obsecro,
499 1623 592 1653 non
626 1606 751 1652 ludis
776 1615 827 1652 tu
853 1623 982 1653 nunc
1022 1623 1095 1654 me
1111 1608 1130 1654 ’ἲ
1200 1607 1289 1655 Mi.
1329 1607 1436 1672 Ego
1472 1609 1546 1656 te!

420 1688 727 1749 quamobrem
749 1689 767 1735 ’,Ρ
836 1688 950 1735 AES.
989 1688 1201 1736 Nescio:

224 1767 334 1816 Nisi
359 1769 472 1831 quia
496 1778 592 1815 tam
617 1769 788 1816 misere
827 1769 920 1816 hoc
957 1786 1062 1817 esse
1103 1771 1247 1833 cupio
1272 1787 1453 1831 verum,
1490 1788 1548 1818 eo

420 1866 583 1898 vereor
609 1851 774 1914 magis.
1087 1846 1089 1849 ’

145 1940 197 1981 65
224 1932 311 1980 Mi.
351 1932 448 1979 Abi
473 1932 685 1991 domum,
710 1949 765 1979 ac
790 1932 921 1979 Deos
938 1949 1262 1996 comprecare,
1280 1944 1332 1982 ut
1352 1950 1545 1982 uxorem

422 2030 664 2061 arcessas:
704 2014 806 2061 abi!

223 2095 335 2143 AEs.
383 2094 554 2146 Quid?
605 2096 702 2158 jam
763 2098 996 2143 uxorem?
1078 2096 1166 2143 Mi.
1222 2097 1345 2146 Jam.
1429 2098 1541 2146 AEs.

422 2176 569 2223 Jam'!
639 2177 728 2224 Mi.
766 2177 892 2237 Jam,
928 2187 1174 2240 quantum,
1211 2190 1359 2242 potes.
1429 2179 1542 2228 AEs.

420 2257 485 2305 Di
513 2273 604 2317 me,
629 2267 780 2321 pater,

223 2339 409 2388 Omnes
431 2338 636 2397 oderint,
663 2340 712 2386 ni
755 2356 905 2405 magis
945 2350 1006 2400 te,
1033 2357 1173 2403 quam
1214 2343 1380 2390 oculos
1415 2359 1544 2391 nunc

421 2435 530 2468 amo
551 2435 695 2468 meos.
