1648 2738
145 61 236 109 ¹34
535 70 789 107 Anssffln.
842 70 944 106 Aer.
966 68 1010 106 v.
1045 69 1172 106 scm.
1189 69 1224 105 5.

135 195 372 256 2011lum‚
422 205 473 243 ut
519 196 660 256 vivat,
699 204 893 259 optant:
947 211 1103 241 meam
1149 202 1306 242 autem
1346 202 1547 242 mortem

414 287 708 341 exspectant.
783 277 985 324 Scilicet

215 360 291 408 Ita
332 376 416 407 eos
458 376 566 407 meo
602 360 765 408 labore
799 360 1004 406 eductos
1041 374 1281 417 maxumO,
1319 357 1400 405 hic
1435 357 1550 405 fecit

413 458 541 501 suOS,

212 523 366 571 Paulo
390 533 582 571 sumtu:
620 523 862 570 miseriam
900 538 1094 569 omnem
1131 537 1223 586 ego
1261 521 1431 584 capio:
1470 520 1551 570 hic

410 606 590 669 potitur
613 605 802 670 gaudia.

215 690 342 753 Age,
370 704 475 752 age,
500 704 632 735 nunc
656 687 956 751 experiamur
984 695 1151 734 contra
1175 686 1296 745 haec,
1321 685 1432 749 quid
1459 701 1552 750 ego

412 785 623 833 posmem
1150 830 1154 831 ⁷

214 851 400 899 Blande
446 851 627 910 dicere,
671 859 752 898 aut
797 849 1007 914 benigne
1048 849 1225 909 facere,
1267 848 1459 912 quando
1494 864 1554 896 eo

414 941 658 996 provocat.

135 1021 189 1059 25
214 1015 323 1080 Ego
346 1031 536 1078 quoque
579 1031 606 1061 a
640 1013 760 1060 meis
796 1030 871 1060 me
911 1012 1075 1072 amari,
1119 1021 1166 1059 et
1206 1011 1371 1076 magni
1406 1011 1553 1075 pendi

412 1095 615 1160 postulo.
952 1085 957 1088 Δ

215 1179 270 1227 Si
296 1179 344 1226 id
369 1178 421 1225 fit
446 1178 605 1224 dando
633 1186 773 1240 atque
795 1176 1124 1239 obsequendo,
1144 1191 1240 1224 non
1265 1176 1555 1240 posteriores

416 1260 580 1307 feram.

217 1341 424 1390 Deerit?
472 1341 521 1388 id
561 1341 670 1388 meai
717 1340 916 1387 minime
963 1339 1126 1400 refert,
1168 1339 1250 1402 qui
1291 1355 1397 1387 sum
1438 1349 1553 1387 nam

416 1439 683 1470 maxumus,

732 1643 940 1689 SCENA
977 1643 1031 1687 V.

662 1773 844 1821 SYRns.
905 1771 1111 1819 Dauni.

286 1906 370 1972 Sy.
423 1907 587 1966 Heus,
634 1905 851 1953 Demea!
912 1914 1049 1970 rogat
1096 1905 1258 1966 frater,
1305 1921 1366 1953 ne
1413 1907 1557 1954 abeas

418 1989 621 2053 longius.

220 2073 316 2121 De.
351 2071 482 2123 Quis
519 2071 698 2118 homo?
767 2069 814 2116 O
856 2071 976 2132 Syre
1018 2079 1198 2129 noster,
1242 2069 1402 2117 salve!
1439 2069 1554 2133 quid

418 2152 507 2201 fit?
544 2152 658 2214 quid
686 2152 879 2215 agitur?

222 2236 309 2300 Sy.
347 2234 522 2282 Recte.
595 2233 688 2281 De.
726 2233 938 2296 Optume
977 2234 1049 2280 'st.
1139 2233 1248 2281 Jam
1285 2249 1417 2282 nunc
1452 2233 1557 2282 haec

422 2317 514 2364 tria
536 2315 742 2379 primum
769 2314 929 2362 addidi

1627 301 1638 325 Ο
