1648 2738
107 71 172 120 70
503 83 723 121 ANDmA.
774 84 878 121 Aer.
897 83 944 121 v.
980 84 1109 122 scm.
1126 82 1163 121 4.

184 207 255 254 Si.
292 207 397 260 Qui
435 209 630 256 credis?
703 208 790 256 Oh.
862 208 1048 256 Phania
1083 209 1163 257 ille
1199 208 1342 257 frater
1377 222 1514 258 meus

383 290 486 337 suit.
559 290 631 336 Si.
670 289 874 350 Noram,
902 299 949 337 et
974 291 1091 339 seio.

187 371 274 420 Cla.
313 372 361 419 Is
408 372 539 431 hino,
580 372 757 419 bellum
804 372 1009 436 fugiens,
1050 388 1220 435 meque
1256 372 1304 420 in
1341 373 1510 420 Asiam

379 470 687 516 persequens,
711 454 1047 516 proficiscitur.

183 534 314 582 Tum
341 535 469 581 illam
506 535 776 597 relinquere
813 535 895 583 hio
936 544 1007 582 est
1048 535 1252 594 veritus;
1288 544 1397 599 post
1432 535 1513 582 illa

381 633 512 663 nunc
536 617 743 679 primum
772 617 932 676 audio,

181 698 319 748 Quid
345 698 426 745 illo
450 698 511 745 sit
536 699 731 745 factum.
802 698 901 745 Pa.
939 698 1035 745 Vix
1058 715 1164 746 sum
1192 699 1316 762 apud
1335 715 1428 758 me,
1447 698 1514 746 ita

383 780 569 826 animus
595 788 864 826 commotus
889 788 960 826 est
984 789 1132 840 metu,

104 868 154 907 35
183 863 295 924 Spe,
333 861 528 926 gaudio,
555 861 776 908 mirando
810 861 904 909 hoo
939 870 1089 922 tanto,
1125 871 1223 909 tam
1258 862 1512 925 repentino

381 943 522 990 bono.

181 1025 254 1073 Si.
294 1024 383 1072 Nae
412 1025 552 1072 istam
589 1025 886 1072 multimodis
910 1034 1041 1072 tuam
1066 1025 1270 1073 inveniri
1306 1025 1509 1090 gaudeo.

379 1107 479 1155 Pa.
518 1108 696 1166 Credo,
721 1116 870 1170 pater.

185 1189 272 1237 Ch.
309 1189 378 1236 At
402 1189 519 1235 mihi
545 1206 669 1235 unus
695 1189 947 1251 serupulus
972 1189 1116 1236 etiam
1140 1197 1303 1249 restat,
1328 1188 1410 1251 qui
1436 1204 1512 1235 me

378 1270 502 1318 male
526 1270 684 1318 habet.
754 1270 854 1318 Pa.
893 1270 1085 1334 Dignus
1110 1286 1178 1330 es,

182 1352 306 1400 Cum
331 1353 414 1400 tua
438 1352 690 1416 religione,
716 1353 830 1399 odio
853 1369 862 1399 ε
900 1353 1081 1400 nodum
1106 1352 1154 1399 in
1192 1352 1353 1415 scirpo
1387 1369 1513 1415 quae-

377 1434 456 1482 ris.
533 1434 614 1482 Cr.
650 1434 789 1485 Quid
815 1434 939 1481 istuc
964 1435 1074 1481 est?

184 1516 270 1564 Ch.
308 1515 502 1563 Nomen
527 1532 625 1563 non
651 1516 889 1563 convenit.
953 1515 1034 1562 Cr.
1072 1515 1186 1562 Fuit
1210 1515 1372 1563 hercle
1397 1515 1512 1563 huic

381 1597 509 1644 aliud
533 1614 703 1660 parvae.
779 1596 865 1644 Ch.
902 1596 1071 1656 Quod,
1099 1597 1275 1644 Crito?

102 1684 153 1724 40
181 1680 429 1743 Numquid
489 1679 748 1727 meministi
773 1681 793 1727 ’.Ρ
883 1679 964 1726 Cr.
1018 1678 1074 1725 Id
1133 1695 1308 1741 quaero.
1410 1679 1509 1726 Pa.

380 1761 551 1825 Egone
578 1761 718 1824 hujus
742 1760 1020 1807 memoriam
1045 1760 1199 1822 patiar
1227 1776 1345 1806 meze

181 1843 429 1906 Voluptati
456 1844 663 1902 obstare,
690 1859 801 1889 cum
828 1851 1018 1906 egomet
1041 1842 1218 1904 possim
1258 1841 1306 1888 in
1333 1842 1423 1888 hac
1460 1857 1511 1887 re

380 1924 610 1971 medicari
637 1924 792 1971 mihi?

182 2005 297 2052 Non
353 2006 520 2068 patiar.
617 2006 770 2064 Heus,
830 2004 1068 2051 Chreme!
1130 2003 1258 2065 quod
1317 2003 1508 2064 quaeris,

380 2087 606 2133 Pasibula
630 2089 702 2134 'st.
779 2086 860 2133 Cr.
898 2086 1009 2148 Ipsa
1033 2087 1103 2131 ’st.
1182 2084 1266 2131 Ch.
1306 2085 1378 2130 Ea
1402 2086 1473 2131 ἐι

181 2169 280 2216 Ρα.
320 2168 394 2215 Ex
442 2169 543 2230 ipszi
591 2168 764 2214 millies
813 2167 985 2213 audivi.
1070 2166 1142 2212 SJ.
1181 2165 1386 2212 Omneis
1422 2182 1511 2211 nos

379 2250 589 2313 gaudere
615 2249 724 2308 hoc,
752 2249 977 2308 Chreme,

182 2331 259 2379 Te
284 2332 446 2389 credo,
467 2331 677 2377 credere.
742 2330 826 2377 Ch.
866 2330 939 2376 Ita
965 2345 1039 2376 me
1059 2328 1122 2374 Di
1151 2337 1326 2386 ament,
1348 2328 1495 2375 credo

380 2412 478 2460 Pa.
515 2412 652 2463 Quid
679 2421 840 2470 restat,
864 2413 1035 2474 pater?
