1648 2738
431 121 684 158 ADELPHI.
734 121 836 157 Aer.
856 120 908 157 11.
944 121 1073 157 Sem
1089 121 1123 157 2.
1423 113 1489 163 -91

108 243 270 294 Quam
299 252 377 290 aut
413 243 492 290 hic
531 260 661 290 nunc
701 260 893 290 manere
930 253 1024 290 tam
1068 244 1166 302 diu,
1207 253 1286 290 aut
1321 254 1420 290 tum

303 325 536 387 persequi.

110 404 194 466 Sy.
232 404 404 451 Jamne
435 405 721 451 enumerasti
747 405 810 463 id,
836 405 960 466 quod
996 404 1052 449 ad
1090 415 1133 450 te
1159 404 1420 450 rediturum

302 494 440 546 putes
458 487 477 532 ‘l

109 565 192 612 Sa.
232 564 454 612 Hoccine
479 566 558 612 illo
599 566 795 628 dignum
823 566 912 612 'st'l
967 564 1170 611 hoccine
1206 563 1418 626 incipere

301 646 626 693 AEschinum'l
700 670 704 674 ·

106 725 196 772 Per
219 726 572 787 oppressionem
599 736 648 772 ut
673 727 796 772 hanc
820 727 935 772 mihi
960 726 1143 788 eripere
1177 725 1420 788 postulet?
1447 726 1497 765 30

106 801 466 868 SyssLabascit.
537 807 694 854 Unum
722 808 813 853 hoc
849 808 1031 853 habeo:
1074 807 1196 867 vide,
1234 806 1270 853 si
1308 806 1421 852 satis

298 887 455 948 placet
477 904 486 933 z

103 966 268 1013 Potius
295 984 434 1028 quam
460 968 620 1014 venias
646 968 693 1014 in
718 968 1001 1030 periculum,
1030 967 1226 1025 Sannio,

104 1048 336 1093 Servesne
363 1065 419 1094 an
445 1049 614 1110 perdas
638 1057 806 1106 totum,
833 1048 1079 1094 dividuum
1105 1048 1208 1094 face
1233 1064 1242 1094 :

104 1126 263 1174 Minas
289 1129 454 1175 decem
480 1130 698 1176 corradet
725 1130 958 1175 alicunde.
1028 1128 1114 1175 Sa.
1152 1127 1248 1174 Hei
1274 1120 1415 1175 mihi!

103 1206 259 1254 Etiam
287 1209 344 1255 de
369 1218 494 1255 sorte
519 1226 646 1256 nunc
672 1209 810 1254 venio
836 1209 883 1255 in
909 1208 1105 1254 dubium
1132 1208 1311 1255 miser?
1445 1206 1495 1245 35

103 1287 257 1335 Pudet
281 1289 397 1335 nihil
418 1306 426 1335 :
466 1305 632 1335 omnes
657 1290 822 1336 dentes
846 1289 1070 1336 labefecit
1095 1289 1210 1334 mihi
1234 1305 1242 1335 :

87 1367 339 1434 'Praeterea
364 1369 578 1431 colaphis
597 1370 733 1415 tuber
759 1378 829 1415 est
853 1379 1004 1415 totum
1032 1378 1173 1430 caput
1197 1386 1204 1415 :

102 1447 260 1495 Etiam
288 1449 477 1511 insuper
513 1450 767 1497 defrudet?
836 1449 1084 1511 Nusquam
1129 1450 1260 1496 abeo.
1331 1449 1415 1512 Sy.

295 1529 357 1575 Ut
383 1529 526 1575 lubet.

101 1608 349 1670 Numquid
387 1610 470 1668 vis,
511 1609 622 1671 quin
667 1610 868 1657 abeam?
938 1610 1020 1657 Sa.
1059 1610 1212 1656 Immo
1254 1610 1416 1657 hercle

296 1691 388 1736 hoc
413 1707 588 1752 quaeso,
617 1692 760 1752 Syre;
1101 1682 1103 1684 .

99 1770 162 1817 Ut
186 1780 236 1817 ut
261 1772 364 1817 haec
389 1780 497 1817 sunt
524 1772 662 1829 facta,
689 1772 844 1833 potius
870 1788 1009 1833 quam
1035 1772 1142 1817 lites
1167 1788 1352 1833 sequar,
1438 1782 1490 1821 40

99 1851 265 1898 Meum
303 1852 418 1897 mihi
457 1853 708 1909 reddatur3
764 1850 929 1898 saltem
969 1853 1133 1914 quanti
1175 1862 1301 1899 emta
1336 1854 1410 1911 'st,

294 1934 425 1995 Syre.

99 2012 214 2058 Scio
239 2022 284 2057 te
311 2028 402 2058 non
431 2029 565 2059 usum
594 2013 794 2058 antehac
822 2012 1030 2058 amicitia
1055 2013 1159 2058 mea
1184 2029 1192 2058 :

99 2092 363 2138 Memorem
390 2109 464 2138 me
489 2093 621 2138 dices
640 2109 759 2149 esse,
782 2102 825 2138 et
846 2100 1045 2154 gratum.
1117 2093 1201 2155 Sy.
1231 2093 1409 2139 Sedulo

99 2172 307 2218 Faciam.
379 2173 475 2218 Sed
502 2173 840 2233 Ctesiphonem
868 2173 1030 2218 video:
1068 2173 1203 2219 laetus
1228 2183 1298 2219 est

97 2252 170 2300 De
197 2254 363 2299 amica.
435 2253 517 2300 Sa.
554 2253 705 2312 Quid,
733 2253 857 2314 quod
893 2262 939 2300 te
974 2255 1096 2300 oro?
1166 2254 1250 2316 Sy.
1290 2254 1408 2300 Pau-

291 2333 432 2396 lisper
458 2350 608 2381 mane.
1430 2338 1481 2377 45
