1648 2738
109 95 127 139 l
145 92 202 155 10
497 102 754 140 ADELPHI.
804 103 910 141 Aer.
931 103 998 140 ιν.
1033 103 1162 140 Sem.
1183 104 1215 141 1.

181 225 321 273 Prius
368 241 464 274 non
513 228 829 291 oppressisset
877 228 996 288 illie,
1031 245 1175 292 quam
1211 229 1308 276 hue
1343 239 1517 277 revorti

376 317 539 372 posset
563 319 750 356 iterum.

103 397 154 437 10
180 388 330 436 Nune
354 390 437 436 ubi
458 406 535 437 me
559 390 659 438 illie
684 406 782 438 non
808 390 1005 451 videbit,
1025 391 1125 455 jam
1149 392 1247 439 huc
1283 403 1514 452 recurret„

379 480 452 518 sat
475 472 593 519 seio.

181 551 437 616 Rogitabit
462 569 556 612 me,
583 553 665 600 ubi
691 553 864 600 fuerim
887 572 897 612 ;
937 570 1078 616 quem
1106 570 1197 618 ego
1231 554 1377 601 hodie
1414 565 1515 602 toto

376 650 475 681 non
500 634 598 682 vidi
624 635 717 683 die.

174 715 315 766 Quid
339 716 537 764 dicam?
606 716 694 780 Sy.
732 715 935 764 Nihilne
973 717 1021 764 in
1064 726 1275 764 mentem
1313 755 1321 763 .
1362 756 1370 764 .
1410 752 1421 763 .
1460 720 1514 765 ,Ὗ

379 796 455 845 Gt.
510 796 775 860 Nunquam
835 798 1112 861 quidquam.
1207 798 1293 861 Sy.
1348 797 1513 845 Tanto

374 878 593 942 nequior.

173 960 360 1021 Cliens,
410 961 614 1021 amicus,
661 961 851 1024 hospeS‚
891 977 1035 1008 nemo
1077 962 1134 1008 'st
1174 961 1342 1008 vobis?
1434 961 1507 1008 (Χ.

373 1044 529 1090 Sunt:
567 1043 682 1105 quid
705 1044 909 1106 postea?

173 1124 260 1187 Sy.
296 1124 449 1172 Hisce
473 1140 621 1188 opera
644 1134 696 1172 ut
721 1125 833 1172 data
856 1125 929 1172 sit.
1005 1125 1080 1172 Gt.
1115 1125 1245 1176 Quae
1272 1141 1369 1172 non
1400 1125 1511 1173 data

370 1207 467 1254 sit?
503 1223 600 1253 non
623 1215 780 1269 potest
804 1206 921 1253 fieri.
993 1207 1080 1270 Sy.
1119 1207 1293 1254 Potest.

93 1293 145 1333 85
174 1287 249 1336 Gt.
286 1287 533 1336 Interdiu:
570 1288 654 1334 sed
697 1289 737 1334 si
780 1288 862 1335 hic
905 1297 1158 1351 permoto,
1197 1304 1354 1335 oausae
1393 1288 1507 1350 quid

370 1370 548 1428 dicam,
576 1371 730 1432 Syre?

171 1452 257 1515 Sy.
296 1451 403 1499 Vah
426 1453 435 1499 ἱ
475 1468 618 1514 quam
643 1451 815 1498 vellem
840 1451 984 1499 etiam
1011 1460 1157 1499 noctu
1187 1451 1356 1499 amicis
1397 1468 1508 1515 ope-

370 1549 470 1580 ram
497 1550 598 1581 mos
623 1543 750 1581 esset
775 1533 892 1580 dari.

165 1615 307 1666 Quin
333 1624 383 1662 tu
421 1615 604 1662 otiosus
644 1631 726 1662 es:
779 1630 871 1679 ego
913 1614 1041 1661 illius
1077 1630 1271 1662 sensum
1305 1614 1505 1678 pulchre

370 1696 539 1744 calleo.

167 1778 297 1824 Cum
324 1778 461 1825 fervit
486 1793 725 1838 maxume,
769 1786 865 1825 tarn
905 1777 1151 1840 placidum
1188 1794 1329 1840 quam
1366 1794 1503 1825 ovem

369 1860 532 1906 reddo.
611 1858 685 1906 Gt.
723 1859 843 1909 Quo
869 1858 1051 1905 modo?

170 1939 258 2001 Sy.
298 1938 562 1986 Laudarier
604 1948 650 1986 te
677 1938 810 1985 audit
844 1938 1075 1985 libenter:
1117 1937 1242 1984 facio
1279 1948 1324 1984 te
1378 1938 1500 2001 apud

371 2020 505 2066 illurn
533 2020 691 2066 Deum
717 2037 725 2067 :

88 2110 145 2151 20
171 2102 387 2149 Virtutes
407 2117 562 2148 narro.
639 2101 715 2148 Gt.
755 2100 929 2148 Meas?
1000 2100 1086 2164 Sy.
1124 2100 1288 2147 Tuas:
1317 2100 1499 2149 homini

368 2182 499 2230 illico
523 2183 745 2245 lacrymae
770 2182 967 2242 cadunt,

166 2265 326 2318 Quasi
368 2280 535 2328 puero,
578 2265 770 2328 gaudio.
843 2264 971 2312 Hem
1012 2264 1098 2311 tibi
1143 2266 1332 2312 autem!
1422 2263 1482 2312 (ft

365 2345 617 2398 Quidnam
642 2348 747 2394 est?
818 2346 903 2411 Sy.
943 2345 1109 2409 Lupus
1134 2345 1183 2393 in
1211 2346 1385 2394 sabula.
