1648 2738
436 102 688 153 Aouiipm.
741 115 843 150 Αςτ.
865 114 913 149 11.
949 115 1075 150 sm«.
1097 104 1127 148 1.
1433 101 1497 148 85

117 242 376 289 Subvenite
417 240 576 302 inopi!
648 239 759 285 AEs.
797 237 965 283 Otiose
1002 251 1130 282 nunc
1163 235 1259 297 jam
1295 233 1425 280 illico

313 321 391 366 hic
417 320 636 366 consiste.

115 402 251 454 Quid
296 402 567 463 respectas?
625 399 743 446 nihil
788 398 956 460 pericli
1003 406 1101 443 est:
1132 397 1134 399 ’
1167 411 1424 456 nunquam,

313 482 423 527 dum
450 497 539 543 ego
566 481 723 537 adero,
750 479 828 524 hic
853 489 898 524 te
923 486 1098 540 tanget.

118 561 201 610 Sa.
239 563 345 626 Ego
371 562 525 619 istam,
553 561 710 607 invitis
735 560 957 606 omnibus
994 596 1003 604 .
1043 596 1051 604 .
1091 595 1099 604 .
1138 594 1147 604 .

118 644 229 691 [Ἐς.
265 643 573 704 Quamquam
619 651 689 688 est
721 640 976 697 scelestus,
1024 655 1118 684 non
1167 636 1428 683 committet

314 723 454 769 hodie
479 739 703 783 unquam,
730 722 899 768 iterum
925 729 975 766 ut
1001 719 1199 781 vapulet.
1434 718 1479 756 ·5

119 805 203 851 Sa.
243 804 490 861 AEschine,
520 803 658 848 audi:
696 818 756 847 ne
781 811 827 847 te
863 801 1079 863 ignarum
1118 798 1263 845 fuisse
1299 797 1430 843 dicas

316 899 528 930 meorum
553 898 762 939 morum3

120 966 254 1012 Leno
300 980 389 1027 ego
435 981 551 1009 sum.
636 963 747 1008 AES.
804 962 932 1007 Scio.
1017 961 1099 1007 Sa.
1137 960 1204 1006 At
1252 959 1332 1017 ita,
1382 967 1432 1004 ut

318 1061 515 1106 usquam
542 1044 629 1090 fuit
654 1044 744 1089 fide
770 1043 1017 1103 quisquam
1043 1041 1249 1102 optumzi.

120 1126 201 1173 Tu
228 1126 354 1188 quod
379 1135 425 1171 te
448 1126 683 1187 posterius
706 1139 897 1186 purges,
922 1123 1046 1168 hanc
1073 1121 1291 1183 injuriam
1315 1118 1433 1166 mihi

319 1207 443 1253 nolle

126 1289 320 1335 Factam
365 1304 483 1345 esse,
526 1287 664 1349 hujus
706 1302 801 1332 non
842 1285 1026 1331 faciam.
1111 1282 1267 1329 Crede
1308 1281 1432 1338 hoc;

319 1384 408 1431 ego
433 1384 590 1414 meum
611 1367 687 1429 jus
711 1381 988 1428 persequar3

126 1449 295 1511 Neque
335 1459 385 1495 tu
428 1448 582 1494 verbis
623 1448 773 1493 solves
812 1462 1034 1508 unquam,
1072 1444 1198 1506 quod
1232 1443 1349 1490 mihi
1384 1458 1435 1489 re

321 1528 628 1575 malefeceris.
1463 1527 1509 1567 10

127 1611 254 1657 Novi
292 1626 381 1672 ego
407 1597 558 1655 vestm
600 1609 717 1666 haec,
762 1607 1009 1653 “Nollem
1050 1606 1260 1652 factum:
1292 1595 1438 1668 jusjuss

323 1690 521 1736 randum
550 1690 751 1745 dabitur,
778 1697 823 1735 te
848 1703 950 1734 esse

127 1772 383 1835 Indignum
431 1771 602 1832 injuris
651 1770 817 1826 hac;’'
859 1768 1065 1831 indignis
1101 1782 1208 1813 cum
1251 1774 1439 1829 egomet

324 1852 410 1898 sim
438 1863 660 1912 acceptus
684 1849 850 1896 modis.

129 1933 242 1980 sEs.
280 1933 375 1978 Abi
399 1949 493 1994 prae
520 1941 726 1988 strenue,
755 1947 809 1976 ac
838 1929 964 1991 aperi
1007 1928 1143 1975 fores.
1216 1927 1301 1974 Sa.
1338 1926 1442 1973 Cae-

326 2023 478 2059 terum
502 2013 594 2057 hoc
619 2011 734 2067 nihil
761 2011 890 2057 facis.

131 2095 243 2142 AES.
280 2094 302 2140 I
329 2094 452 2140 intro
476 2108 605 2138 nunc
626 2092 735 2153 jam.
807 2091 890 2137 Sa.
929 2090 995 2136 At
1014 2090 1139 2137 enim
1159 2105 1255 2136 non
1272 2089 1436 2136 sinam.

326 2174 438 2220 AEs.
478 2173 674 2219 Accede
700 2171 830 2230 illuc,
856 2171 1122 2228 Parmeno3

133 2255 350 2302 Nimium
388 2254 505 2300 istoc
533 2252 702 2298 abisti:
740 2251 820 2298 hic
855 2259 1046 2313 propter
1087 2250 1216 2297 hunc
1257 2235 1448 2297 assiste(

330 2335 486 2381 Hem!
524 2334 593 2379 sic
617 2332 737 2379 volo.
1113 2326 1117 2329 ’
1467 2332 1516 2371 15

336 2440 361 2465 τ
521 2415 553 2461 8
