1648 2738
129 81 194 129 64
536 90 759 127 ANDRIA.
814 95 917 127 ACT.
937 90 984 126 v,
1019 91 1147 127 scm.
1165 91 1200 128 2.

205 215 307 262 Da.
347 214 441 261 Ubi
487 215 633 273 voles,
684 231 884 261 arcesse.
979 215 1049 262 Si.
1101 216 1233 262 Bene
1280 232 1425 264 sane:
1486 217 1535 265 id

403 297 647 342 enimvero
673 297 786 342 hine
811 313 942 342 nune
969 298 1114 344 abest.

206 378 366 424 Etiam
391 386 440 423 tu
477 377 569 423 hoe
617 378 911 439 respon-des?
967 378 1081 439 quid
1119 378 1227 424 istie
1264 378 1351 425 tibi
1388 395 1534 443 nego-

407 459 460 505 tii
487 460 579 505 ’st'?
651 460 753 505 Dcz.
794 458 1005 505 Mihin'?
1216 510 1219 511 ⁷
1430 464 1435 468 “

204 541 275 588 Si.
314 540 401 587 Ita.
483 541 586 587 Da.
626 540 847 586 Mihine‘?
933 540 1003 586 Si.
1043 540 1160 586 Tibi
1210 557 1339 604 ergo.
1430 539 1532 591 Da.

403 621 553 668 Modo
579 621 756 668 introii.
830 621 901 668 Si.
938 621 1098 672 Quasi
1123 638 1232 685 ego,
1270 638 1413 684 quam
1450 623 1536 670 du-

405 705 536 762 dum,
563 720 743 766 rogem.

210 786 304 833 Da.
344 786 470 833 Cum
511 794 595 832 tuo
639 793 784 847 gnato
826 784 936 830 unzi.
1010 784 1082 830 Si.
1121 784 1267 831 Anne
1308 785 1368 831 'st
1405 785 1534 832 intus

402 866 715 928 Pamphilus?
753 866 943 912 crucior
968 865 1125 912 miser.

127 963 174 1002 10
202 949 310 996 Eho
332 949 341 995 ί
380 965 477 995 non
503 957 554 994 tu
580 948 696 994 dixti
723 963 826 994 esse
853 947 975 993 inter
1001 963 1083 993 eos
1109 946 1405 1007 inimicitiaS‚
1432 963 1535 994 car-

401 1030 580 1076 nufex?

201 1112 303 1160 Da.
346 1113 482 1159 Sunt.
555 1111 626 1158 Εἰ.
666 1111 767 1157 Cur
793 1110 938 1173 igitur
974 1109 1055 1156 hio
1094 1111 1198 1157 est?
1272 1109 1356 1157 Ch.
1393 1109 1533 1160 Quid

401 1193 535 1240 illum
563 1193 768 1239 censes?
807 1207 916 1238 cum
943 1191 1025 1237 illa
1050 1191 1219 1254 litigat.

200 1275 302 1322 Da.
340 1274 496 1321 Immo
516 1291 627 1321 vero
654 1274 922 1336 indignum,
944 1273 1193 1331 Chremes,
1215 1272 1313 1336 jam
1341 1271 1533 1319 facinus

398 1356 506 1403 faxo
532 1372 589 1402 ex
614 1371 690 1402 me
718 1355 898 1401 audias.

200 1437 383 1484 Nescio
409 1437 489 1499 qui
516 1453 662 1484 senex
686 1436 830 1482 modo
862 1434 1021 1492 venit;
1061 1434 1222 1492 ellum,
1261 1433 1532 1494 confidens,

400 1511 550 1566 catuS.

123 1617 172 1655 15
201 1600 326 1647 Cum
384 1600 556 1646 faciem
626 1598 804 1656 videas,
863 1597 1050 1644 videtur
1119 1612 1224 1644 esse
1289 1595 1529 1658 quantivis

398 1681 555 1743 pretii.

199 1762 377 1808 Tristis
402 1762 628 1808 severitas
671 1761 794 1807 inest
837 1760 884 1806 in
923 1759 1070 1818 voltu,
1113 1768 1252 1820 atque
1288 1758 1336 1804 in
1374 1757 1532 1804 verbis

398 1844 528 1889 fides.

201 1924 270 1971 Si.
307 1924 558 1974 Quidnam
609 1923 865 1985 apportas?
952 1921 1054 1967 Da..
1104 1920 1241 1966 Nihil
1289 1919 1531 1981 equidem,

397 2005 488 2051 nisi
516 2005 641 2066 quod
670 2005 802 2050 illum
831 2002 986 2048 audivi
1014 2002 1189 2047 dicere.

198 2087 270 2134 Si.
306 2086 445 2137 Quid
473 2086 535 2132 ait
559 2086 790 2131 tandem?
861 2084 962 2130 Da.
1001 2082 1280 2144 Glycerium
1317 2098 1368 2128 se
1405 2081 1531 2128 scire

398 2167 551 2213 civem
581 2183 682 2212 esse
711 2166 940 2211 Atticam.

198 2249 269 2296 Si.
310 2248 468 2295 Hem!
524 2247 740 2293 Dromo!
795 2246 1009 2292 Dromo!
1103 2244 1206 2291 Da.
1243 2243 1383 2294 Quid
1421 2244 1529 2289 est?

398 2329 469 2376 Si.
508 2329 719 2374 Dromo!
759 2328 860 2374 Da.
902 2326 1046 2372 Audi.
1120 2325 1191 2371 Si.
1231 2325 1449 2372 Verbum
1487 2324 1525 2370 si

397 2410 636 2457 addideris
673 2444 880 2456 .....
918 2408 1102 2453 Dromo
1121 2407 1131 2453 !
