1648 2738
144 57 212 105 96
518 66 775 105 ADELPHI.
826 67 930 103 Aer.
950 64 1023 101 111.
1058 64 1186 102 scm«.
1203 65 1239 101 2.

727 264 933 310 SCENA
975 264 1031 308 Π.

440 395 602 441 Gn'rA.
671 395 951 440 SosTRATA.
1013 392 1317 449 CANTHARA.

292 515 377 576 Ge.
415 528 566 576 NUNC
594 527 711 574 illud
736 536 823 585 est,
850 525 977 588 quod
1003 526 1042 572 si
1065 542 1231 574 omnes
1266 524 1429 572 omnia
1464 541 1550 573 sua

421 610 624 657 consilia
649 608 913 666 conferant,

221 691 384 754 Atque
409 691 523 738 huic
549 691 675 737 malo
715 690 918 737 salutem
957 697 1187 752 quaerant‚
1232 687 1394 735 auxilii
1429 687 1548 734 nihil

423 773 638 831 afferant,

219 854 369 905 Quod
397 854 626 915 mihique,
655 853 892 914 heraeque,
918 852 1123 913 filiaeque
1149 851 1287 898 herili
1312 860 1397 898 est.
1464 850 1551 898 Vae

421 936 595 982 misero
621 935 738 981 mihi
761 935 769 981 !

220 1017 321 1064 Tot
347 1033 421 1064 res
446 1026 641 1079 repente
668 1015 1047 1073 circumvallant,
1084 1014 1211 1061 unde
1237 1013 1418 1077 emergi
1454 1029 1551 1060 non

418 1108 575 1161 potest
599 1114 608 1144 ε

168 1189 194 1228 5
221 1180 326 1239 Vis,
352 1189 555 1243 egestas,
582 1178 830 1242 injustitia,
857 1177 1083 1236 solitudo,
1111 1177 1319 1224 infamia.

223 1260 447 1306 Hoccine
473 1259 668 1306 saeclum
690 1260 699 1305 !
738 1275 766 1305 o
792 1258 1000 1305 scelera!
1040 1273 1068 1304 o
1088 1273 1267 1321 genera
1286 1256 1550 1319 sacrilega!

420 1357 449 1388 o
474 1340 718 1387 hominem
744 1340 982 1402 impurum
1003 1340 1012 1386 l

222 1424 303 1470 So.
343 1422 427 1470 Me
463 1421 717 1469 miseram!
755 1421 982 1483 quidnam
1020 1429 1108 1479 est,
1146 1419 1273 1481 quod
1309 1419 1379 1465 sic
1414 1418 1554 1464 video

423 1504 645 1551 timidum
671 1512 718 1549 et
740 1511 1075 1565 properantem
1101 1502 1274 1548 Getam
1294 1502 1312 1546 2

227 1586 313 1634 Ge.
350 1586 512 1637 Quem
535 1601 690 1646 neque
710 1584 843 1642 fides,
863 1599 1018 1646 neque
1033 1582 1382 1646 jusjurandum,
1399 1597 1554 1643 neque

424 1667 558 1714 illum
583 1666 916 1713 misericordia

224 1749 492 1812 Repressit,
543 1764 699 1809 neque
748 1747 961 1804 reflexit3
1016 1761 1173 1808 neque
1220 1745 1347 1807 quod
1393 1753 1554 1807 partus

424 1831 632 1877 instabat
655 1846 820 1892 prope,

171 1916 196 1954 0
226 1913 321 1959 Cui
368 1912 552 1958 miserae
594 1911 791 1974 indigne
832 1926 915 1972 per
959 1909 1053 1955 vim
1094 1909 1262 1954 vitium
1300 1907 1550 1954 obtulerat.

425 1994 505 2041 So.
545 1994 659 2040 Non
687 1993 903 2056 intelligo

226 2078 370 2135 Satis,
418 2093 521 2137 quae
579 2076 815 2137 loquatur.
912 2073 998 2120 Ca.
1054 2072 1272 2135 Propius,
1332 2072 1551 2129 obsecro,

353 2159 355 2161 ’
425 2157 729 2216 accedamus,
757 2157 986 2203 Sostrata,
1063 2153 1148 2200 Ge.
1188 2153 1298 2200 Ah!

226 2241 310 2288 Me
338 2240 593 2288 miserum!
633 2238 709 2285 vix
733 2255 836 2285 sum
864 2253 1058 2299 compos
1096 2235 1240 2286 animi
1265 2252 1273 2282 :
1311 2235 1378 2294 ita
1412 2233 1553 2281 ardeo

426 2319 690 2368 iracundia.
