1648 2738
113 107 183 157 22
525 102 752 154 ANDR1A.
804 115 909 154 Aer.
930 114 961 152 1.
996 114 1129 154 scm.
1145 115 1182 153 ε».

394 242 645 289 hominum
687 241 861 289 fidem!
921 239 1037 304 quid
1079 250 1169 302 est,
1210 240 1251 289 si
1291 257 1391 290 non
1431 241 1536 290 haee

398 323 696 372 contumelia
718 325 817 371 'sti'

192 406 405 455 Uxorem
442 404 666 455 decrerat
701 406 819 454 dare
852 421 959 454 sese
994 406 1115 454 mihi
1149 406 1324 455 hodie:
1372 422 1538 456 nonne

393 489 607 552 oportuit

192 571 454 620 Praescisse
478 588 556 620 me
582 571 730 619 ante?
767 586 933 618 nonne
954 570 1090 635 prius
1122 570 1537 619 communicatum
1576 581 1578 583 ’

392 654 605 717 oportuit
624 656 643 701 C!

136 743 162 782 5
192 736 299 800 My.
336 735 570 784 Miseram
595 736 700 783 me!
739 735 868 798 quod
893 736 1092 782 verbum
1120 735 1300 783 audio?

191 820 292 868 Pa.
328 819 467 871 Quid
504 819 775 867 Chremes?
818 818 900 882 qui
937 818 1203 884 denegssrat
1235 834 1288 867 se
1312 819 1538 866 commis-

391 917 556 947 surum
580 899 701 947 mihi

189 983 400 1030 Gnatam
436 999 572 1030 suam
610 998 840 1041 uxorem;
878 981 927 1029 id
962 980 1183 1042 mutavit,
1212 981 1327 1045 quia
1349 997 1428 1030 me
1452 981 1539 1030 im·

387 1072 626 1111 mutatum
651 1064 810 1112 videt!

189 1145 328 1193 Itane
368 1145 612 1194 obstinate
651 1162 849 1209 operam
891 1145 991 1206 dat,
1033 1153 1086 1193 ut
1128 1161 1208 1194 me
1243 1162 1271 1194 a
1305 1145 1538 1210 Glycerio

390 1228 621 1276 miserum
648 1227 929 1276 abstrahat?

186 1310 340 1362 Quod
365 1310 405 1358 si
429 1311 499 1371 fit,
523 1327 673 1374 pereo
698 1310 930 1360 fundituS.

111 1402 159 1444 ιο
189 1390 383 1439 Adeon’
407 1391 656 1439 hominem
689 1407 796 1439 esse
820 1391 1149 1452 invenustum,
1175 1399 1256 1439 aut
1287 1390 1535 1440 infelicem

388 1489 682 1536 quenquam,
706 1482 760 1521 ut
784 1489 879 1538 ego
902 1490 1009 1521 sum
1031 1474 1042 1522 ἱ

187 1553 284 1601 Pro
308 1553 470 1601 Defim
497 1562 640 1617 atque
663 1554 920 1602 hominum
943 1554 1119 1602 fidem!

186 1635 390 1684 Nullon'
418 1651 512 1701 ego
535 1636 812 1684 Chremetis
834 1644 981 1700 pacto
1007 1635 1288 1684 affinitatem
1321 1635 1535 1702 effugere

384 1720 591 1781 potero?

185 1801 328 1850 Quot
362 1800 520 1848 modis
559 1809 886 1864 contemptus,
924 1801 1141 1864 spretus!
1212 1801 1358 1861 saeta,
1381 1809 1535 1849 trans-

391 1891 499 1930 acta
522 1883 718 1931 omnia!
757 1883 897 1930 hem!

186 1963 497 2028 Repudiatus
531 1974 723 2028 repetor
744 1981 754 2012 :
792 1964 1147 2028 quamobrem?
1182 1964 1276 2012 nisi
1301 1965 1341 2012 si
1367 1965 1415 2012 id
1441 1975 1531 2024 est,

389 2046 518 2109 quod
543 2047 764 2110 suspicor
785 2064 816 2094 ε»

107 2143 157 2182 15
188 2129 389 2193 Aliquid
426 2129 629 2176 monstri
668 2130 829 2177 alunt:
867 2146 926 2177 ea
960 2129 1190 2193 quoniam
1226 2129 1410 2177 nemini
1447 2131 1531 2177 ob-

385 2211 514 2259 trudi
537 2221 714 2274 potest,

185 2293 288 2341 ltur
326 2293 384 2341 ad
420 2309 511 2341 me.
582 2293 689 2356 My.
727 2294 902 2341 Oratio
937 2294 1041 2342 haec
1077 2310 1155 2341 me
1190 2293 1415 2341 miseram
1452 2310 1530 2342 ex-

388 2375 616 2423 animavit
640 2386 787 2424 metu.

185 2457 285 2506 Pa.
324 2457 454 2505 Nam
479 2457 595 2520 quid
619 2474 712 2523 ego
737 2475 870 2505 nunc
896 2458 1055 2505 dicam
1081 2458 1141 2506 de
1164 2459 1334 2522 patre?
1371 2458 1458 2506 ah!
