1648 2738
433 117 684 154 ADELPHI.
734 118 835 154 Αοτ.
857 119 921 154 IV.
947 112 1082 155 Sem.
1100 121 1135 155 5.
1400 98 1485 160 12⁷1

113 239 213 287 Cur
237 239 370 285 duxit
396 239 592 286 alienam
613 241 632 286 ’ἔ
699 240 811 287 AEs.
850 241 929 287 An
954 241 1118 288 sedere
1142 243 1348 304 oportuit

113 319 257 366 Domi
283 319 510 382 virginem
536 330 629 365 tam
656 320 898 382 grandem,
925 321 1035 367 dum
1061 331 1292 385 cognatus
1326 323 1419 369 huc

112 399 254 446 Illinc
280 401 476 458 veniret,
502 402 887 462 exspectantem?
956 402 1092 460 Haec,
1119 403 1183 448 mi
1205 411 1352 464 pater,
1440 412 1491 451 40

113 478 191 526 Te
216 480 376 526 dicere
401 496 582 542 aequom
608 481 710 539 fuit,
736 490 783 526 et
807 481 852 527 id
880 481 1147 529 defendere.

112 561 199 607 Mi.
237 561 546 607 Ridiculum!
599 561 908 608 advorsumne
949 562 1079 609 illum
1122 580 1313 610 causam
1355 564 1422 610 di-

314 657 488 700 cerem,

109 722 203 768 Cui
243 738 463 768 veneram
507 722 798 768 advocatus?
868 723 980 782 Sed,
1022 724 1135 786 quid
1171 724 1276 783 ista,
1314 725 1420 772 AEs-

303 803 459 860 chine,
954 793 959 801 ³

109 882 324 928 Nostra?
383 890 461 929 aut
502 882 614 943 quid
659 882 797 929 nobis
834 900 943 931 cum
981 885 1106 932 illis?
1157 886 1415 933 Abeamus,

301 962 435 1012 Quid
464 962 570 1008 est?

110 1042 248 1096 Quid
273 1042 544 1103 lacrymas?
611 1042 724 1089 AEs.
762 1043 918 1099 Pater,
943 1045 1159 1101 obsecro,
1188 1046 1414 1094 ausculta.

301 1123 388 1169 Mi.
427 1122 674 1181 AEschine,
703 1124 856 1169 audivi
885 1125 1058 1183 omnia,
1438 1141 1489 1180 45

107 1203 169 1249 Et
208 1202 309 1249 scio
332 1219 340 1248 :
393 1219 499 1248 nam
539 1211 585 1248 te
627 1219 731 1249 amo
753 1221 762 1260 ;
801 1220 894 1265 quo
936 1205 1102 1268 magis,
1150 1221 1251 1267 quae
1300 1206 1415 1270 agis,

301 1298 426 1328 curae
453 1291 560 1328 sunt
585 1283 713 1328 mihi.

105 1362 217 1410 AEs.
254 1362 328 1409 Ita
351 1363 488 1408 velim
511 1379 585 1409 me
608 1372 956 1425 promerentem
978 1380 1119 1423 ames,
1137 1366 1249 1411 dum
1269 1366 1413 1426 vivas,

301 1444 365 1489 mi
389 1452 536 1504 pater,

106 1522 167 1569 Ut
192 1538 267 1568 me
308 1524 400 1569 hoc
439 1523 665 1569 delictum
711 1524 956 1570 admisisse
997 1524 1045 1571 in
1086 1540 1177 1583 me,
1215 1525 1261 1571 id
1299 1526 1414 1572 mihi

298 1602 598 1649 vehementer
625 1603 766 1660 dolet,

68 1678 72 1684 ’
105 1681 166 1727 Et
191 1698 265 1728 me
289 1683 357 1727 tui
382 1683 539 1743 pudet.
610 1683 698 1729 Mi.
737 1683 897 1729 Credo
922 1682 1082 1730 hercle
1104 1700 1113 1729 ε
1150 1700 1259 1730 nam
1287 1684 1416 1748 inge·

297 1762 428 1807 nium
452 1763 562 1808 novi
587 1772 716 1808 tuum
976 1759 979 1762 ⁴

103 1842 321 1888 Liberale
345 1859 353 1888 :
392 1844 472 1888 sed
500 1859 676 1901 vereor,
703 1860 762 1889 ne
788 1843 1042 1906 indiligens
1068 1843 1266 1891 nimium
1304 1845 1410 1892 sies.
1433 1858 1483 1897 50

102 1921 156 1966 In
183 1923 275 1982 qua
302 1922 491 1968 civitate
514 1923 703 1968 tandem
730 1932 774 1968 te
801 1923 1026 1969 arbitrare
1050 1923 1238 1970 vivere?

102 2001 348 2064 Virginem
375 2003 564 2061 vitiasti,
583 2019 719 2063 quam
746 2012 791 2049 te
811 2003 888 2065 jus
910 2018 1007 2049 non
1025 2003 1177 2050 fuerat
1199 2012 1407 2067 tangere.

103 2081 210 2128 Jam
235 2082 281 2127 id
304 2092 553 2143 peccatum
577 2084 781 2145 primum
806 2099 1030 2146 magnum
1051 2099 1061 2130 z
1098 2099 1338 2148 magnum,
1366 2094 1410 2131 at

297 2163 552 2209 humanum
578 2173 762 2210 tamen:

105 2242 287 2290 Fecere
335 2243 411 2289 alii
449 2260 587 2305 saepe,
626 2245 736 2291 item
775 2244 902 2290 boni.
974 2245 1040 2292 At
1079 2253 1325 2308 postquam
1361 2246 1407 2293 id

298 2324 467 2383 evenit,
495 2325 629 2384 cedo,

309 2438 334 2465 τ
494 2422 546 2467 ll
