1648 2738
106 71 202 119 138
504 82 762 120 ADELPHI.
816 83 918 118 Aa.
941 82 987 119 v.
1021 82 1150 119 sonu.
1167 82 1202 119 8.

126 215 153 255 5
177 206 268 254 Mi.
307 204 455 254 Haud
484 207 620 255 aliter
658 223 849 254 censeo.
922 206 1016 254 De.
1054 206 1212 254 Immo
1248 207 1413 254 hercle
1450 207 1517 258 ita

376 288 517 336 nobis
541 289 695 336 decet.

176 369 393 418 Primum
451 370 591 434 hujus
648 371 811 417 uxoris
858 379 931 417 est
976 378 1140 417 mater.
1233 369 1324 418 Mi.
1377 369 1516 421 Quid

375 453 580 514 postea?
1494 454 1498 459 ’

177 533 273 581 De.
310 533 471 581 Proba
495 543 543 580 et
578 534 809 581 modesta.
881 533 971 580 Μ.
1009 533 1206 580 Aiunt„
1251 532 1344 580 De.
1381 532 1514 581 Natu

378 615 621 679 grandior.

176 696 268 744 Mi.
308 696 438 744 Soio.
477 697 571 744 De.
609 697 784 744 Parere
805 697 904 760 jam
925 697 1008 743 diu
1024 697 1128 744 haee
1144 713 1227 760 per
1249 713 1400 744 annos
1418 712 1516 745 non

376 787 563 842 potest:

176 859 305 921 Neo,
331 860 413 923 qui
438 877 543 907 eam
579 860 822 923 respiciat,
859 860 1111 924 quisquam
1147 868 1249 908 est:
1286 860 1390 908 sola
1428 869 1514 909 est.

378 943 469 990 Mi.
506 943 673 994 Quam
699 943 780 989 hio
804 959 903 990 rem
932 942 1062 1006 agit?

102 1030 153 1071 10
177 1023 272 1072 De.
311 1023 457 1071 Hane
482 1033 529 1071 te
554 1040 742 1087 aequom
763 1026 821 1071 'st
846 1024 1053 1071 ducere:
1092 1032 1140 1071 et
1163 1033 1209 1071 te
1229 1039 1442 1087 operam,
1463 1033 1517 1071 ut

377 1106 474 1165 fiat,
501 1105 628 1153 dare.

178 1186 268 1234 Mi.
323 1186 408 1234 Me
456 1187 633 1235 ducere
683 1188 874 1235 autem?
956 1187 1051 1234 De.
1089 1187 1180 1235 Te.
1269 1187 1359 1234 Mi.
1398 1185 1514 1234 Me‘!

375 1268 469 1316 De.
508 1269 602 1328 Te,
646 1269 856 1331 inquam.
928 1269 1018 1316 Mi.
1057 1268 1254 1332 Ineptis.
1327 1268 1421 1317 De.
1460 1268 1515 1316 Si

374 1360 427 1398 tu
452 1351 517 1398 sis
542 1351 703 1411 homo,

179 1431 279 1480 Hie
325 1433 484 1480 faciat.
573 1433 687 1481 AES.
738 1432 809 1480 Mi
858 1442 1007 1496 pater.
1090 1432 1182 1480 Im.
1228 1432 1404 1484 Quid?
1461 1441 1514 1480 tu

378 1524 539 1562 autem
563 1514 694 1574 huic,
723 1515 871 1575 asine,
895 1515 1172 1562 auscultas?
1245 1515 1337 1563 De.
1375 1513 1511 1562 Nihil

378 1595 507 1660 agis:

178 1676 309 1725 Fieri
337 1678 472 1725 aliter
493 1693 590 1724 non
608 1686 778 1740 potest.
850 1677 940 1725 Mi.
979 1677 1183 1725 Deliras.
1255 1678 1369 1725 AES.
1398 1678 1515 1726 Sine

375 1768 423 1807 te
449 1775 659 1814 exorem,
689 1759 753 1806 mi
778 1770 927 1822 pater.

177 1841 266 1889 Mi.
306 1841 530 1888 Insanis?
570 1841 715 1888 aufer.
789 1841 883 1888 De.
921 1841 1048 1905 Age,
1075 1841 1138 1888 da
1172 1841 1361 1888 veniam
1398 1841 1510 1889 filio.

376 1922 466 1970 Mi.
506 1922 660 1969 Satin’
686 1939 830 1969 sanus
855 1924 942 1970 es?
1012 1922 1120 1986 Ego

103 2013 152 2052 15
178 2003 348 2050 Novus
373 2003 572 2050 maritus
598 2020 724 2050 anno
750 2004 944 2050 demum
963 2003 1130 2065 quinto
1150 2011 1197 2049 et
1213 2003 1512 2066 sexagesimo

178 2085 318 2132 Fiam
339 2085 349 2131 !
390 2093 529 2146 atque
551 2102 693 2132 anum
713 2085 1006 2148 decrepitam
1027 2085 1201 2132 ducam
1219 2085 1228 2132 !
1267 2085 1379 2132 idne
1399 2084 1513 2132 estis

380 2175 600 2213 auctores
625 2168 743 2213 mihi
765 2169 782 2214 ’ἕ

177 2248 291 2296 AES.
352 2247 453 2295 Fac
481 2264 489 2294 :
548 2248 746 2310 promisi
795 2265 886 2312 ego
933 2248 1040 2296 illis.
1132 2248 1223 2296 Mi.
1284 2247 1509 2296 Promisti

379 2338 534 2376 autem
554 2332 572 2378 ’ἒ
609 2331 669 2377 de
693 2340 739 2377 te
763 2331 976 2394 largitor,
1002 2347 1132 2394 puer.
