1648 2738
156 80 252 129 132
548 93 803 131 ADELPHI.
853 95 957 131 Αοτ.
976 93 1024 131 v.
1060 94 1188 131 scm.
1205 94 1241 130 4.

227 216 494 280 Coquendo
517 220 578 267 sit
603 220 727 279 faxo,
755 228 802 266 et
828 219 1053 266 molendo
1075 235 1086 266 :
1122 227 1294 282 praeter
1318 218 1438 279 haec,

226 298 436 348 Meridie
463 301 566 364 ipso
592 301 766 348 faciam
791 309 844 347 ut
868 300 1092 363 stipulam
1117 300 1344 364 colligat:

225 380 352 429 Tam
377 390 628 429 excoctam
654 382 852 428 reddam
890 390 1032 444 atque
1071 389 1238 441 atram,
1275 397 1418 443 quam
1456 398 1556 430 car·

425 463 485 511 bo
510 465 583 511 'st.
654 463 744 510 Mi.
781 463 964 510 Placet.

224 542 274 591 N
279 561 374 592 uno
399 545 517 592 mihi
541 545 702 592 videre
726 561 892 608 sapere
913 562 922 592 z
961 553 1103 607 atque
1127 544 1349 607 equidem
1374 545 1525 593 filium

140 623 200 667 65
224 623 357 671 Tum
405 624 551 672 etiam
599 625 640 672 si
685 625 823 681 nolit,
883 641 1046 689 cogas,
1088 633 1140 673 ut
1181 642 1290 673 eum
1335 625 1419 673 illa
1459 626 1557 674 ιιῐιὲ,

422 707 581 754 cubet

223 787 318 836 De.
356 788 601 836 Derides'.l
638 788 922 849 fortunatus,
950 789 1032 852 qui
1057 789 1181 837 istoc
1207 790 1368 837 animo
1392 790 1501 838 sies.

225 868 334 933 Ego
352 870 522 918 sentio.
593 870 684 918 Mi.
723 871 830 918 Ah!
867 871 1125 935 pergisne‘?
1195 871 1288 919 De.
1327 871 1436 919 Jam
1457 871 1557 936 jam

424 953 608 1001 desino.

225 1033 315 1082 Mi.
352 1033 378 1081 Ι
402 1050 518 1098 ergo
544 1034 684 1095 intro,
712 1043 759 1082 et
785 1034 864 1082 cui
901 1034 971 1082 rei
995 1051 1114 1098 opus
1149 1043 1237 1094 est,
1275 1035 1320 1082 ei
1356 1034 1555 1082 hilarem

426 1116 558 1163 hune
582 1133 828 1163 sumamus
852 1116 994 1164 diem.

732 1337 938 1382 SCENA
972 1338 1048 1383 IV.

789 1465 996 1513 DEMEA.

294 1598 562 1651 NUNQUAM
588 1599 655 1646 ita
679 1599 930 1662 quisquam
953 1600 1076 1648 bene
1101 1599 1338 1648 subducta
1373 1600 1558 1650 ratione

430 1680 487 1727 ad
512 1679 656 1727 vitam
684 1680 788 1739 fuit,

225 1760 365 1812 Quin
410 1777 503 1821 res,
551 1770 680 1821 zetas,
729 1778 859 1821 usus,
906 1778 1092 1825 semper
1130 1762 1309 1825 aliquid
1346 1772 1559 1827 apportet

425 1843 553 1901 novL

227 1924 427 1986 Aliquid
463 1934 683 1983 moneat3
733 1935 785 1972 ut
821 1926 917 1985 illa,
965 1942 1069 1988 quae
1116 1934 1163 1972 te
1211 1926 1333 1974 scire
1370 1927 1555 1987 eredas,

423 2006 642 2064 neseias3

224 2088 289 2136 Et
323 2106 427 2152 quoe
465 2090 552 2135 tibi
598 2090 782 2153 puteris
828 2090 997 2153 prima,
1045 2090 1095 2137 in
1144 2091 1440 2153 experiundo
1486 2107 1556 2140 re·

420 2171 591 2233 pudies
613 2188 623 2218 ε

173 2257 199 2296 5
222 2251 373 2304 Quod
398 2269 529 2299 nune
555 2253 672 2299 mihi
697 2253 856 2300 evenit
879 2271 888 2301 :
925 2270 1036 2301 nam
1061 2270 1151 2319 ego
1185 2255 1330 2303 vitam
1368 2254 1553 2316 duram,

420 2351 564 2398 quam
589 2335 683 2382 vixi
709 2352 859 2399 usque
885 2336 1059 2398 adhuc,
