1648 2738
439 81 659 117 ANDRIA.
711 81 815 117 Am.
836 82 865 118 1.
901 82 1028 118 scm.
1051 82 1081 117 1.
1400 73 1461 120 13

65 202 178 268 Dic,
205 204 358 263 sodes,
396 221 502 266 quis
539 204 640 250 heri
675 204 961 266 Chrysidem
996 204 1235 252 habuit?'’
1273 221 1384 252 nam

263 285 461 332 Andriae

67 364 142 410 Illi
169 364 216 410 id
242 374 340 411 erat
364 381 554 412 nomen.
626 365 704 412 So.
742 365 930 413 Teneo.
1001 365 1072 412 Si.
1110 365 1383 424 Phaedrum,

103 441 107 443 ’
154 441 162 450 “
265 455 344 492 aut
369 446 576 493 Cliniam

65 525 323 584 Dicebant,
345 536 424 573 aut
450 527 760 585 Niceratum3
798 543 909 574 nam
935 527 983 573 hi
1008 536 1103 573 tres
1122 536 1222 574 tum
1245 526 1384 573 simul
1410 534 1461 573 60

65 605 322 653 Amabant.
395 613 424 632 ‘⁶
443 607 578 654 Eho!
615 608 726 670 quid
749 606 1105 670 Pamphilus?''
1167 607 1385 658 “Quidr

264 688 526 749 symbolam

65 768 239 825 Dedit3
278 769 529 815 ccenavit.'⁷
600 770 895 816 Gaudebam.
966 769 1086 817 Item
1114 770 1206 817 alio
1232 771 1308 817 die

63 849 386 899 Quaerebam:
425 850 797 911 comperiebam,
824 851 941 897 nihil
970 852 1025 897 ad
1051 851 1354 914 Pamphirum

63 930 346 992 Quidquam
374 931 602 978 attinere:
640 932 883 978 enimvero
907 941 1173 993 spectatum
1198 933 1311 979 satis

64 1011 315 1070 Putabam,
342 1022 388 1058 et
414 1028 637 1074 magnum
664 1013 932 1074 exemplum
960 1014 1266 1063 continentiae
1289 1031 1298 1061 :
1412 1024 1464 1064 05

65 1092 191 1139 Nam
219 1093 300 1154 qui
326 1109 436 1139 cum
463 1093 669 1156 ingeniis
695 1094 998 1140 conflictatur
1024 1094 1275 1156 ejusmodi,

65 1173 238 1235 Neque
263 1184 588 1221 commovetur
615 1175 801 1221 animus
825 1175 873 1221 in
899 1176 955 1221 ea
982 1192 1031 1222 re
1056 1185 1232 1231 tamen,

66 1255 204 1301 Scias
229 1271 367 1317 posse
394 1255 567 1301 habere
587 1255 684 1317 jam
712 1256 864 1318 ipsum
890 1273 986 1303 suae
1013 1256 1118 1303 vitae
1143 1257 1352 1304 modum.

66 1335 190 1382 Cum
217 1336 262 1382 id
290 1336 405 1382 mihi
431 1337 668 1398 placebat,
688 1345 788 1382 tum
811 1353 905 1383 uno
927 1353 1010 1383 ore
1035 1354 1201 1384 omnes
1226 1339 1388 1385 omnia

66 1416 203 1463 Bona
228 1417 405 1476 dicere,
432 1426 479 1463 et
502 1418 696 1464 laudare
723 1418 935 1464 fortunas
959 1434 1105 1477 meas,
1412 1433 1463 1473 70

63 1497 168 1547 Qui
193 1507 388 1560 gnatum
416 1499 638 1544 haberem
665 1498 746 1544 tali
772 1498 968 1561 ingenio
993 1499 1259 1560 praeditum.

64 1578 199 1628 Quid
253 1579 408 1625 verbis
466 1595 585 1640 opus
642 1580 745 1625 est?
805 1579 896 1625 hac
954 1580 1079 1626 fama
1138 1580 1384 1643 impulsus,

264 1659 495 1706 Chremes

66 1737 202 1785 Ultro
229 1738 282 1784 ad
312 1754 386 1784 me
411 1738 556 1796 venit,
584 1738 776 1785 unicam
802 1747 993 1801 gnatam
1020 1755 1154 1786 suam

67 1817 190 1864 Cum
217 1817 327 1863 dote
353 1818 537 1863 summa
563 1817 660 1863 filio
686 1833 881 1864 uxorem
909 1827 959 1864 ut
984 1818 1130 1865 daret.

66 1897 280 1955 Placuit3
319 1898 579 1960 despondi:
619 1899 696 1944 hic
724 1899 901 1961 nuptiis
927 1899 1085 1945 dictus
1109 1908 1180 1946 est
1205 1900 1322 1946 dies.
1409 1907 1460 1946 '75

67 1978 144 2025 So.
181 1978 318 2028 Quid
354 1980 525 2036 obstat,
553 1995 637 2026 cur
659 1995 770 2025 ¹non
801 1995 921 2025 verae
957 1980 1104 2026 fiant?
1174 1981 1245 2027 Si.
1286 1982 1386 2028 Au·

263 2060 378 2106 dies.

67 2140 190 2187 Fere
215 2141 262 2187 in
290 2141 457 2187 diebus
480 2140 663 2203 paucis,
691 2140 863 2202 quibus
889 2140 992 2188 haec
1019 2151 1125 2188 acta
1149 2152 1274 2201 sunt,

68 2221 265 2283 Chrysis
311 2221 470 2268 vicina
516 2222 618 2268 haec
677 2222 890 2269 moritur.
994 2222 1071 2269 So.
1110 2223 1156 2270 O
1204 2223 1384 2271 factum

264 2303 411 2349 bene!

70 2383 258 2430 Beasti:
297 2383 444 2429 metui
472 2400 497 2429 a
521 2383 768 2445 Chryside.
839 2383 910 2431 Si.
947 2383 1022 2431 Ibi
1046 2392 1147 2432 tum
1172 2384 1299 2433 filius

272 2482 299 2509 'r
463 2463 496 2510 2
