1648 2738
122 78 188 130 34
523 91 745 129 ANDRIA.
796 91 900 129 Aer.
919 90 971 128 11.
1007 91 1138 129 scm«.
1155 90 1193 127 5.

199 215 303 264 Da.
342 215 441 263 Hic
475 232 607 263 nunc
642 232 740 264 non
777 216 979 275 dubitat,
1016 215 1131 279 quin
1177 223 1226 263 te
1271 214 1530 263 ducturum

398 315 559 363 neges.

199 380 349 428 Venit
372 381 629 427 meditatus
656 381 896 440 alicunde,
923 395 982 427 ex
1005 379 1109 426 solo
1132 379 1257 426 loco.

199 462 483 509 Orationem
508 471 666 525 sperat
689 462 929 509 invenisse
953 477 1020 521 se,

147 551 174 589 5
199 544 303 595 Qui
329 544 515 591 differat
539 553 586 591 te
607 561 616 591 t
653 543 793 607 proin
818 552 870 590 tu
895 543 988 602 fac,
1015 542 1140 605 apud
1163 550 1212 590 te
1236 550 1288 589 ut
1312 541 1420 589 sies.

199 626 299 673 Pa.
339 625 490 673 Modo
531 635 584 673 ut
623 626 821 689 possim,
864 625 1015 672 Dave.
1103 624 1207 672 Da,
1246 623 1422 684 Crede,
1464 622 1534 672 in-

400 724 559 771 quam,
586 707 680 754 hoc
705 706 841 766 mihi,
866 706 1136 769 Pamphile,

200 788 464 851 Nunquam
489 788 633 836 hodie
656 797 819 836 tecum
845 795 1250 838 commutaturum
1281 794 1468 850 patrem

199 870 363 920 Unum
389 886 493 918 esse
518 870 733 930 verbum,
758 868 799 916 si
823 877 870 916 te
896 869 1029 916 dices
1053 868 1245 916 ducere.

723 1090 930 1136 SCENA
961 1090 1018 1134 V.

343 1221 596 1270 BnuunA.
646 1219 791 1266 Smo.
839 1218 1030 1266 DAVUS.
1079 1217 1395 1266 PAMPHILUS.

269 1355 371 1420 By.
410 1354 591 1402 HERUS
617 1369 712 1414 me,
736 1352 920 1400 relictis
955 1350 1116 1411 rebus,
1138 1350 1279 1415 jussit
1313 1349 1537 1414 Pamphi·

405 1436 505 1484 lum

204 1519 370 1568 Hodie
394 1519 665 1577 observare,
691 1525 760 1576 ut,
787 1515 903 1579 quid
931 1524 1093 1580 ageret
1117 1515 1177 1562 de
1201 1513 1400 1577 nuptiiS,

204 1602 422 1650 Scirem:
483 1600 532 1648 id
583 1607 838 1663 propterea
893 1613 1026 1645 nunc
1079 1597 1210 1643 hunc
1267 1595 1540 1643 venientem

406 1697 594 1744 sequor.

203 1764 369 1828 Ipsum
406 1763 526 1810 adeo
557 1770 731 1825 praesto
755 1760 896 1807 video
921 1775 1032 1807 cum
1057 1758 1196 1806 Davo
1218 1775 1227 1804 ε
1265 1757 1359 1805 hoc
1386 1773 1538 1822 agam.

155 1854 182 1894 5
205 1846 278 1893 Si.
315 1845 585 1906 Utrumque
612 1843 777 1890 adesse
801 1841 954 1888 video.
1049 1839 1153 1887 Da.
1193 1839 1350 1886 Hem!
1388 1855 1538 1886 serva.

406 1925 477 1973 Si.
514 1924 777 1987 Pamphile.

206 2010 309 2058 Da.
345 2007 505 2059 Quasi
541 2007 600 2053 de
637 2005 895 2068 improviso
930 2003 1117 2066 respice
1151 2002 1208 2049 ad
1242 2018 1365 2050 eum.
1438 2002 1538 2050 Pa.

405 2089 579 2147 Ehem,
603 2087 766 2150 pater!

207 2174 313 2222 Da.
331 2171 502 2219 Probe.
553 2169 624 2216 Si.
645 2168 807 2215 Hodie
823 2182 1021 2214 uxorem
1038 2166 1204 2224 duoaS,
1223 2175 1274 2211 ut
1290 2165 1538 2225 dixi,volo.

207 2255 309 2318 By.
347 2252 497 2300 Nunc
512 2259 687 2298 nostrae
704 2249 851 2296 timeo
865 2248 1005 2310 parti,
1020 2247 1134 2309 quid
1147 2247 1226 2292 hic
1238 2247 1539 2309 respondeat.

208 2338 308 2385 Pa.
346 2334 522 2396 Neque
547 2331 672 2390 istic,
699 2346 856 2392 neque
883 2329 1010 2387 alibi,
1037 2328 1124 2374 tibi
1150 2344 1352 2390 usquam
1376 2327 1468 2376 erit
1491 2326 1539 2379 in

407 2431 484 2463 me
509 2429 655 2461 mora.
727 2412 828 2475 By.
867 2410 1023 2457 Hem!
