1648 2738
125 96 219 144 136
508 106 764 144 ADELPHI.
816 106 920 142 Aer.
942 106 988 142 v.
1024 106 1154 143 scm.
1170 106 1206 143 7.

691 304 898 349 SCENA
928 305 1030 349 VIL

352 432 648 481 AEscrnNUs.
708 432 915 480 DEMEA.
976 434 1157 481 SYRUS.
1218 434 1378 480 GETA.

264 565 378 613 AEs.
417 565 690 614 OcchNT
708 582 784 613 me
811 566 1022 628 quidem,
1044 567 1156 613 dum
1174 566 1318 613 nimis
1343 574 1534 613 sanctas

398 648 592 711 nuptias

201 728 408 775 Student
434 729 620 776 facere:
661 729 707 776 in
737 729 1010 792 apparando
1036 738 1328 776 consumunt
1355 729 1498 777 diem.

199 810 294 858 De.
331 810 469 861 Quid
497 810 668 875 agitur,
696 811 968 858 AEschine?
1037 811 1153 858 AEs.
1192 811 1375 858 Ehem!
1401 819 1535 874 pater

399 892 481 951 mi,
503 901 555 939 tu
582 892 662 940 hic
687 894 829 940 eras?

198 973 293 1022 De.
331 974 472 1022 Tuus
496 975 658 1022 hercle
683 991 795 1022 vero
820 983 867 1022 et
895 975 1054 1022 animo
1078 984 1126 1022 et
1149 975 1321 1022 natura
1345 983 1479 1038 pater
1500 992 1511 1034 ;

149 1060 176 1098 5
198 1056 305 1108 Qui
329 1066 377 1104 te
403 1065 529 1104 amat
551 1057 658 1120 plus
696 1074 838 1120 quam
875 1058 1023 1104 hosce
1060 1058 1242 1105 oculos·
1315 1057 1413 1104 Sed
1450 1074 1535 1105 cur

398 1155 495 1187 non
523 1140 716 1186 domum

199 1221 411 1269 Uxorem
430 1222 631 1268 arcessis
650 1223 669 1268 t
739 1221 854 1268 AEs.
894 1221 1053 1285 Cupio
1072 1238 1081 1268 :
1119 1238 1284 1268 verum
1305 1222 1398 1268 hoc
1418 1221 1537 1269 mihi

400 1319 545 1350 morae
572 1305 646 1363 'st,

199 1384 450 1440 Tibicina,
476 1394 522 1432 et
548 1385 849 1447 hymenaeum
875 1385 956 1447 qui
977 1394 1187 1432 cantent.
1259 1384 1354 1433 De.
1394 1384 1503 1432 Eho
1525 1385 1535 1432 !

199 1466 313 1514 Vin’
342 1475 392 1514 tu
419 1466 534 1513 huic
554 1467 658 1514 seni
677 1468 985 1514 auscultare?
1055 1467 1170 1515 AES.
1206 1466 1342 1518 Quid
1364 1468 1383 1514 ’ἕ
1441 1466 1536 1515 De.

402 1547 557 1595 Missa
580 1549 684 1596 haec
712 1548 817 1595 face
840 1566 850 1607 ;

201 1630 540 1694 Hymenaeum,
566 1631 746 1689 turbas,
772 1630 1033 1693 lampadas,
1053 1630 1307 1678 tibicinas:

127 1715 176 1755 10
202 1713 365 1774 Atque
390 1712 515 1760 hanc
541 1712 591 1758 in
618 1713 755 1759 horto
782 1712 1039 1760 maceriam
1061 1712 1177 1775 jube
1198 1712 1340 1772 dirui,

199 1794 454 1846 Quantum
523 1803 681 1857 potest
708 1811 716 1841 τ
789 1795 882 1841 hac
939 1794 1142 1842 transfer
1170 1811 1179 1841 :
1250 1811 1395 1842 unam
1465 1795 1541 1843 fac

402 1875 597 1923 domum
622 1892 630 1922 :

202 1956 435 2004 Traduce
461 1965 507 2004 et
533 1966 734 2004 matrem
761 1967 809 2004 et
845 1957 1074 2004 familiam
1109 1974 1301 2005 omnem
1342 1959 1400 2005 ad
1436 1974 1538 2006 nos,

401 2039 516 2086 AEs.
556 2040 738 2099 Placet,

202 2120 345 2168 Pater
402 2121 712 2183 lepidissime.
807 2122 903 2169 De.
958 2121 1134 2186 Euge!
1189 2121 1288 2185 jam
1353 2122 1542 2186 lepidus

403 2219 564 2250 vocon

202 2284 361 2332 Fratri
387 2284 512 2331 aedes
538 2284 652 2331 frent
675 2285 848 2348 perviae
872 2303 881 2332 :
918 2286 1107 2332 turbam
1133 2286 1329 2333 domum

128 2374 178 2414 15
204 2367 463 2426 Adducet;
502 2375 712 2413 sumtum
741 2367 989 2426 admittet3
1028 2367 1204 2415 multa:
1243 2368 1359 2431 quid
1393 2367 1502 2415 mea.
1520 2367 1552 2415 Τ·
