1648 2738
420 97 641 135 ANDmA.
693 99 796 135 Aer.
820 99 862 134 v.
901 100 1028 136 scm.
1051 101 1083 135 1.
1423 93 1484 140 61

100 221 245 281 Nam,
269 223 346 284 pol
382 223 421 268 si
446 223 494 268 id
518 222 730 281 scissem,
755 239 998 284 nunquam
1022 223 1117 269 huc
1152 222 1412 269 tetulissem

295 304 464 365 pedem
487 320 496 350 ε

102 385 298 445 Semper
320 385 446 430 enim
473 385 599 430 dicta
625 387 682 430 'st
708 385 806 447 ejus
831 385 949 443 haec,
978 393 1116 446 atque
1142 385 1302 430 habita
1338 387 1410 443 'st,

296 481 442 512 soror.

98 543 224 594 Quae
267 544 395 590 illius
441 545 646 604 fuerunt,
687 545 910 607 possidet.
1003 544 1151 591 Nunc
1191 561 1267 592 me
1309 544 1413 591 hos-

294 625 441 687 pitem
733 669 738 674 .
1438 626 1489 665 15

99 704 231 752 Lites
256 706 406 767 sequi,
433 700 573 767 quam
595 705 674 752 hic
698 707 815 753 mihi
840 707 900 753 sit
923 707 1063 753 facile
1089 716 1228 769 atque
1254 707 1387 766 utile,

100 786 320 832 Aliorum
346 787 561 848 exempla
585 796 892 834 commonent
913 805 922 833 :
960 788 1099 834 simul
1126 789 1343 847 arbitror,

98 865 129 912 J
134 883 206 912 am
250 867 453 928 aliquem
495 882 598 913 esse
646 868 852 913 amicum
899 877 945 914 et
987 868 1286 915 defensorem
1333 869 1376 915 ei
1399 886 1407 915 :

294 964 403 993 nam
429 948 525 994 fere

97 1027 445 1074 Grandiuscula
476 1028 573 1090 jam
597 1028 810 1089 profecta
837 1030 893 1074 ’st
918 1029 1063 1074 illinc.
1135 1029 1410 1088 Clamitent,

98 1107 182 1155 Me
206 1108 545 1170 sycophantam
570 1109 868 1155 haereditates
891 1110 1131 1170 persequi,
1437 1124 1489 1164 20

97 1188 377 1236 Mendicum
402 1206 410 1235 :
448 1198 549 1235 tum
575 1190 724 1251 ipsam
750 1190 1014 1251 despoliare
1039 1207 1135 1236 non
1160 1190 1290 1237 libet.

97 1270 200 1332 My.
237 1269 283 1316 O
308 1279 500 1331 optume
525 1269 721 1332 hospes!
759 1271 854 1331 pol,
881 1271 1032 1329 Crito,
1061 1273 1308 1333 antiquum
1333 1272 1414 1318 ob·

293 1351 428 1397 tines.

101 1430 181 1477 C'r.
219 1430 330 1476 Duc
354 1446 430 1477 me
456 1430 512 1476 ad
529 1446 649 1489 eam,
672 1431 861 1491 quando
883 1431 976 1477 huc
997 1432 1120 1490 veni,
1139 1441 1190 1478 ut
1213 1433 1410 1481 videam.

294 1511 397 1572 My.
437 1510 676 1557 Maxume.

98 1590 199 1639 Da.
239 1591 420 1652 Sequar
445 1591 559 1637 hos:
597 1592 707 1637 nolo
733 1608 808 1638 me
833 1592 881 1638 in
907 1601 1119 1654 tempore
1144 1594 1237 1640 hoc
1256 1595 1433 1647 videat,

294 1687 450 1718 senex.

458 1890 661 1933 ACTUS
694 1892 747 1934 V.
804 1892 1006 1935 SCENA
1038 1894 1070 1936 Ι.

523 2016 788 2064 CHREMES.
849 2019 990 2064 SiMo.

170 2147 253 2194 Ch.
293 2149 439 2194 SATIS
473 2149 584 2210 jam,
612 2149 739 2207 satiS,
784 2149 932 2208 Simo,
972 2161 1183 2213 spectata
1220 2169 1332 2217 erga
1366 2162 1413 2201 te

297 2229 506 2275 amicitia
529 2230 586 2275 'st
611 2246 716 2276 mea
738 2246 746 2276 :

102 2307 228 2355 Satis
251 2309 417 2370 pericli
443 2309 565 2370 coepi
593 2310 721 2356 adire
744 2327 752 2356 :
791 2311 958 2358 orandi
977 2312 1076 2374 jam
1099 2313 1243 2361 finem
1269 2315 1385 2363 face.

310 2411 335 2436 T
490 2391 521 2436 6
