1648 2738
455 102 675 140 ANDRIA.
727 103 830 140 Ac‘r.
853 101 896 138 V.
931 102 1058 138 Sem.
1076 102 1111 137 5.
1446 94 1503 140 71

123 223 194 272 δῖ.
231 225 523 273 ,Iamdudum
558 242 633 273 res
668 226 853 274 reduxit
887 241 963 272 me
999 225 1101 288 ipsa
1136 224 1184 270 in
1218 223 1432 287 gratiam.

316 306 414 354 Pa.
451 306 496 353 Ο
519 306 729 369 lepidum
752 315 934 369 patrem
954 306 964 353 l
1460 301 1511 343 45

123 385 197 432 De
221 403 384 446 uxore,
410 387 474 434 ita
509 396 560 434 ut
594 387 801 450 possedi,
843 386 960 433 nihil
998 394 1148 432 mutat
1188 385 1433 433 Chremes.

321 466 407 515 Ch.
446 468 605 514 Causa
628 477 824 530 optuma
847 469 920 526 'st‚

123 546 231 593 Nisi
257 547 370 609 quid
393 557 524 610 pater
552 549 618 595 ait
651 548 790 596 aliud.
860 548 959 595 Pa.
997 547 1199 610 Nempe.
1270 547 1342 594 Si.
1377 547 1435 594 Id

317 628 515 676 scilicet.
590 628 675 676 Ch.
713 629 831 687 Dos,
856 629 1119 692 Pamphile,
1145 637 1216 675 est

122 708 303 755 Decem
328 709 517 756 talenta.
587 710 685 757 Pa.
723 710 944 772 Accipio.
1018 709 1104 756 Ch.
1141 709 1351 771 Propero
1377 709 1434 755 ad

315 790 473 836 filiam.
544 790 652 837 Eho
676 806 881 850 meeum,
908 791 1073 848 Crit03

119 869 247 916 Nam
271 870 399 916 illam
425 886 501 917 me
526 871 670 917 credo
706 871 831 917 haud
867 871 1020 918 nbsse.
1092 872 1163 918 Si.
1202 871 1302 918 Cur
1338 887 1432 918 non

315 950 442 997 illam
467 951 562 997 huc
586 952 830 998 transferri
850 952 1025 1014 jubes?

119 1030 215 1077 Pa.
253 1030 411 1078 Recte
459 1032 698 1079 admones.
770 1031 906 1078 Davo
955 1049 1044 1096 ego
1093 1033 1216 1079 istuc
1262 1032 1432 1079 dedam

308 1111 405 1173 jam
430 1112 608 1175 negoti.
678 1113 749 1159 Si.
787 1112 901 1158 Non
924 1122 1092 1174 potest.
1457 1115 1507 1153 ὅθ

121 1191 214 1237 Pa.
250 1191 355 1242 Qui
401 1209 499 1240 non
544 1195 735 1254 potest?
827 1193 898 1240 Si.
934 1193 1070 1244 Quia
1115 1194 1257 1240 habet
1304 1194 1432 1242 aliud

314 1273 465 1336 magis
489 1289 547 1320 ex
571 1289 690 1332 sese,
717 1283 763 1320 et
788 1274 951 1336 majus,
1011 1274 1108 1321 Pa.
1145 1274 1393 1325 Quidnam
1414 1276 1432 1319 ἒ

313 1353 384 1400 Si.
423 1354 629 1400 Vinctus
653 1363 737 1401 est.

116 1432 215 1480 Pa.
252 1433 410 1492 Pater,
436 1450 532 1481 non
557 1443 687 1481 recte
712 1435 898 1482 vinctus
933 1444 1017 1482 est.
1089 1435 1159 1483 Si.
1198 1435 1343 1482 Haud
1369 1436 1431 1482 ita

307 1515 437 1577 jussi.
509 1515 609 1562 Pa.
646 1516 773 1563 Jube
797 1516 930 1574 solvi,
956 1516 1169 1563 obsecro.

116 1594 186 1642 Si.
224 1595 333 1659 Age
374 1595 466 1643 fiat.
555 1595 654 1642 Pa.
692 1596 759 1642 At
801 1606 997 1643 matura.
1058 1597 1141 1645 Si.
1181 1596 1255 1644 Eo
1290 1597 1427 1644 intro.

310 1675 407 1723 Pa.
445 1676 491 1723 Ο
517 1676 720 1723 faustum
745 1685 792 1724 et
818 1677 1004 1724 felicem
1032 1677 1158 1724 hunc
1183 1677 1309 1725 diem
1330 1679 1340 1725 !

626 1895 830 1939 SCENA
862 1894 916 1938 V.

451 2021 730 2069 CHAmsz.
780 2021 1086 2070 PAMPmLus.

181 2151 266 2199 Ch.
316 2151 529 2199 Pnowso
587 2152 700 2215 quid
760 2162 867 2216 agat
923 2153 1225 2217 Pamphilus:
1287 2164 1422 2219 atque

309 2250 492 2282 eccum.
562 2236 661 2283 Pa.
698 2235 888 2297 Aliquis
913 2236 1067 2284 forsan
1094 2254 1171 2285 me
1192 2247 1326 2301 putet

112 2315 224 2362 Non
249 2324 416 2379 putare
441 2316 536 2363 hoo
575 2332 765 2363 verum:
805 2325 850 2363 at
885 2317 998 2364 mihi
1043 2335 1172 2366 nune
1213 2320 1281 2366 sic
1317 2335 1420 2367 esse

306 2395 398 2443 boc
422 2411 585 2443 verum
610 2396 753 2443 lubet.
