1648 2738
125 85 194 135 92
520 98 777 136 ADELPHI.
827 99 931 137 Aer.
951 99 1002 136 11.
1037 100 1167 137 scm.
1184 99 1220 137 3.

704 307 866 352 SCEN
870 309 913 351 A
947 307 1027 351 111.

610 434 885 483 CTESIPHO.
951 436 1131 482 Smns.
1210 471 1212 473 -

272 566 348 614 Gt.
387 567 495 614 Ans
522 567 676 630 quivis
702 568 914 627 homine,
942 585 1054 615 eum
1078 577 1150 615 est
1184 585 1320 631 opus,
1360 568 1534 616 benefi-

402 650 530 697 cium
558 651 781 713 accipere
806 651 1045 714 gaudeas:

201 730 387 778 Verum
434 731 679 778 enimvero
742 731 790 777 id
846 731 1042 777 demum
1086 731 1236 795 juvat,
1286 731 1342 791 si,
1390 747 1534 794 quem

401 828 589 874 aequum
615 813 675 859 'st
699 813 822 859 bene
849 812 1023 871 faeere,
1052 812 1091 859 is
1117 813 1245 860 facit.

200 893 246 941 O
272 894 441 941 frater!
481 894 626 941 frater
648 895 658 941 Ξ
697 894 809 956 quid
831 910 922 957 ego
942 910 1073 940 nuno
1092 906 1138 941 te
1156 894 1348 941 laudem
1367 895 1387 942 ’ἱ
1419 894 1534 942 satis

402 985 535 1022 certo
561 975 664 1022 seio
685 992 695 1033 ;

199 1056 464 1119 Nunquam
491 1057 556 1104 ita
580 1057 834 1120 magnifiee
861 1057 1121 1119 quidquam
1146 1058 1322 1116 dicam,
1361 1056 1409 1104 id
1445 1057 1534 1104 vir-

397 1147 474 1185 tus
498 1139 615 1200 quin
639 1147 832 1200 superet
857 1147 952 1186 tua.

147 1226 173 1266 5
200 1220 370 1283 Itaque
395 1237 540 1268 unam
566 1220 691 1267 hane
728 1237 827 1267 rem
867 1237 943 1267 me
989 1221 1164 1268 habere
1206 1230 1378 1284 praeter
1416 1220 1533 1268 alios

396 1303 688 1366 praeeipuam
716 1289 934 1361 arbitror,

199 1384 417 1431 Fratrem
464 1384 647 1430 homini
697 1384 877 1430 nemini
917 1400 1021 1430 esse
1059 1384 1320 1446 primarum
1358 1383 1532 1431 artium

398 1465 551 1529 magis
574 1466 857 1528 prinoipem.

200 1548 287 1611 Sy.
325 1547 370 1595 O
397 1547 659 1610 Ctesipho!
736 1547 812 1595 Gt.
851 1546 896 1594 O
923 1548 1075 1609 Syre!
1148 1547 1414 1594 AEsohinus
1449 1547 1532 1595 ubi

398 1631 504 1677 est?
595 1629 682 1692 Sy.
738 1629 930 1677 Ellurn!
991 1638 1038 1676 te
1084 1637 1329 1692 exspectat
1385 1629 1529 1677 domi.

405 1711 480 1759 Gt.
519 1711 679 1758 Hem!

199 1794 286 1857 Sy.
322 1793 461 1844 Quid
485 1795 596 1840 est?
671 1792 746 1840 Oc.
787 1793 971 1844 “Quid
1019 1792 1159 1839 sit!’'
1201 1793 1329 1839 illius
1365 1793 1530 1856 opera,

398 1876 534 1937 Syre,
561 1891 692 1922 nunc
716 1875 822 1921 vivo
844 1892 853 1921 :
892 1874 1111 1921 festivum
1138 1875 1308 1937 eaput!

196 1958 302 2009 Qui
327 1958 490 2005 omnia
514 1957 605 2003 sibi
647 1956 940 2019 postputavit
981 1972 1085 2002 esse
1123 1972 1219 2018 prae
1257 1971 1366 2002 meo
1403 1972 1532 2004 com-

400 2039 543 2085 modo
565 2055 574 2086 :

148 2131 173 2170 0
200 2121 480 2178 Maledicta,
508 2121 699 2179 famam,
726 2135 886 2167 meum
925 2135 1152 2176 amorem,
1192 2128 1239 2166 et
1273 2128 1529 2182 peceatum

398 2203 446 2249 in
473 2218 524 2249 se
549 2202 802 2250 transtulit.

199 2285 336 2332 Nihil
363 2293 473 2347 pote
511 2300 666 2345 supra.
739 2283 835 2329 Sed
871 2282 1128 2345 quisnam?
1172 2283 1285 2330 foris
1327 2283 1514 2346 crepuit

396 2366 480 2428 Sy.
520 2364 685 2423 Mane,
711 2365 878 2412 mane!
920 2364 1020 2427 ipse
1047 2365 1143 2411 exit
1169 2365 1306 2412 foras.
