1648 2738
422 105 672 142 ADELPHI.
722 104 824 140 Ama
844 104 910 140 ιν.
947 105 1073 141 scm.
1090 105 1125 140 5.
1389 97 1482 144 123

103 228 189 275 Mi.
239 227 412 278 Quid?
469 244 609 289 quam
667 227 826 273 illam?
913 227 1025 273 AES.
1062 227 1232 288 AEque.
1317 225 1406 273 Mi.

297 308 612 370 Perbenigne.
701 307 813 353 AEs.
865 307 1033 356 Quid?
1090 307 1168 353 ille
1213 306 1294 352 ubi
1339 313 1410 352 est

295 387 512 434 Milesius
531 389 550 434 ‘Z

101 469 188 514 Mi.
243 468 404 524 Abiit3
468 467 639 528 periit;
692 483 857 512 navem
907 466 1148 512 ascendit:
1204 466 1287 512 sed
1322 481 1406 511 cur

297 549 483 593 cessas?
552 547 664 593 AEs.
702 547 814 604 Abi,
839 556 1002 608 pater:

101 628 179 674 Tu
206 628 363 689 potius
388 627 516 673 Deos
542 642 872 688 comprecare3
910 643 1019 672 nam
1044 625 1129 671 tibi
1154 641 1252 683 (308,
1279 633 1410 671 certo

294 707 411 764 scio,
1433 709 1484 750 70

99 788 213 836 Quo
238 786 304 832 vir
329 786 494 832 melior
521 786 668 832 multo
692 801 742 832 es
767 801 906 847 quam
931 800 1037 848 ego,
1063 785 1410 845 obtemperatu-

296 882 372 911 ros
399 866 560 927 magis.

100 945 187 992 Mi.
224 945 330 1008 Ego
355 961 411 991 eo
437 945 575 1003 intro,
601 953 667 1003 ut,
694 961 796 1006 quae
838 961 956 1006 opus
993 953 1116 1003 sunt,
1153 952 1375 1006 parentur
1397 960 1408 990 :

294 1034 343 1071 tu
371 1025 460 1079 fac,
487 1034 537 1071 ut
561 1025 674 1082 dixi,
700 1025 738 1070 si
764 1024 900 1085 sapis.

100 1105 210 1151 AEs.
246 1105 382 1155 Quid
408 1105 498 1151 hoc
523 1114 592 1151 est
616 1104 777 1167 negoti
800 1105 809 1150 !
848 1104 939 1150 hoc
964 1112 1034 1150 est
1056 1113 1238 1166 patrem
1273 1104 1409 1150 esse?

297 1194 376 1232 aut
399 1185 491 1231 hoc
516 1194 586 1231 est
611 1185 759 1231 filium
784 1186 919 1231 esse?
1333 1181 1338 1194 ‘

100 1265 153 1310 Si
203 1265 360 1323 frater,
412 1275 491 1311 aut
536 1265 709 1312 sodalis
755 1273 893 1322 esset,
930 1263 1010 1326 qui
1045 1264 1196 1326 magis
1231 1279 1410 1310 morem

299 1354 483 1408 gereret
501 1347 520 1392 Ἰ

100 1424 196 1471 Hic
220 1441 316 1471 non
343 1425 569 1471 amandus
587 1426 606 1471 'l
643 1424 832 1471 hiccine
848 1440 943 1470 non
961 1423 1217 1487 gestandus
1238 1423 1285 1470 in
1302 1423 1410 1469 sinu

294 1506 402 1551 est?
440 1505 574 1551 hem!
1434 1517 1485 1556 75

297 1673 391 1711 tate
417 1681 596 1722 curam,

98 1744 174 1791 Ne
200 1744 319 1791 forte
356 1745 628 1807 imprudens
669 1744 855 1804 faciam,
899 1743 1023 1805 quod
1066 1743 1215 1789 nolit:
1252 1742 1409 1789 sciens

293 1826 484 1872 cavebo.

98 1904 192 1949 Sed
218 1919 353 1950 cesso
379 1903 446 1949 ire
471 1903 611 1962 intro,
638 1919 698 1950 ne
725 1919 867 1950 morae
887 1901 1005 1949 meis
1023 1901 1201 1963 nuptiis
1220 1909 1409 1965 egomet

291 1983 407 2030 siem
425 1984 444 2027 Τ
