1648 2738
381 107 631 147 ADELPHI.
684 108 785 145 Aer.
805 107 874 145 111.
912 109 1038 146 Sem.
1060 109 1091 145 1.
1382 102 1449 149 95

405 304 609 348 ACTUS
643 303 721 347 III.
771 303 974 347 SCENA
1005 304 1039 347 Ι.

403 431 681 479 Sos'rnA'rA.
741 430 1038 476 CANTHARA.

133 560 211 609 So.
262 561 519 621 OBSECRO,
566 577 673 608 mea
711 560 886 619 nutrix,
928 559 1042 622 quid
1087 576 1217 607 nuno
1262 559 1378 607 fiet?

269 642 354 689 Ca.
393 642 576 692 “Quid
601 641 759 689 fiet22’
798 656 951 705 rogas.

68 722 224 770 Recte
261 723 439 784 aedepol
478 738 628 784 spero.
720 723 797 768 So.
835 721 985 768 Modo
1026 720 1233 780 dolores,
1274 737 1381 768 mea

261 812 329 862 tu,
356 802 604 864 occipiunt
625 802 896 864 primulum.

70 884 154 930 Ca.
195 883 303 930 Jam
348 899 479 930 nuno
515 883 669 942 times,
718 883 851 944 quasi
893 898 1134 945 nunquam
1174 881 1378 941 affueris,

261 980 502 1026 nunquam
527 973 627 1010 tute
651 964 891 1026 pepereris
912 965 929 1010 Ἰ

67 1048 143 1094 So.
182 1046 410 1093 Miseram
436 1047 536 1092 me!
575 1046 816 1092 neminem
842 1046 1022 1092 habeo:
1060 1045 1172 1092 solae
1198 1060 1377 1091 sumus.

260 1128 382 1174 Geta
408 1139 562 1173 autem
588 1126 667 1173 hio
691 1142 787 1172 non
815 1126 945 1172 adest
961 1142 972 1184 3

67 1207 176 1255 Nec
238 1224 375 1270 quem
425 1207 482 1254 ad
538 1207 844 1254 obstetricem
903 1207 1102 1265 mittam,
1161 1221 1252 1252 neo
1299 1205 1380 1267 qui

263 1297 468 1336 arcessat
492 1288 792 1335 AEschinum.
1404 1297 1431 1336 5

70 1370 156 1416 Ca.
194 1369 276 1416 Pol
320 1370 359 1416 is
395 1369 586 1431 quidem
623 1368 719 1430 jam
762 1367 842 1414 hio
881 1367 1062 1414 aderit:
1113 1383 1223 1414 nam
1264 1383 1382 1412 nun-

259 1466 399 1512 quam
425 1465 570 1496 unum
597 1448 866 1495 intermittit
891 1448 1034 1506 diem,

66 1530 199 1580 Quin
227 1545 411 1591 semper
435 1529 609 1575 veniat.
679 1529 758 1574 So.
830 1528 973 1574 Solus
997 1543 1209 1574 mearum
1245 1527 1384 1573 mise-

262 1610 438 1656 riarum
463 1617 532 1655 est
556 1608 834 1655 remedium.

71 1692 156 1738 Ca.
196 1690 237 1737 E
279 1706 328 1736 re
371 1690 482 1736 natzsst
520 1689 690 1735 melius
730 1688 832 1734 fieri
871 1687 995 1734 haud
1033 1687 1203 1749 potuit,
1240 1702 1380 1749 quam

267 1772 445 1818 sactum
469 1771 542 1829 'st,
570 1770 684 1816 hera
705 1786 714 1816 z

66 1853 278 1903 Quando
304 1852 469 1897 vitium
489 1851 700 1897 oblatum
725 1858 812 1908 est,
838 1848 961 1912 quod
991 1849 1047 1895 ad
1064 1848 1197 1895 illum
1215 1849 1383 1895 attinet

265 1933 582 1995 potissimum,

67 2014 256 2073 Talem,
281 2014 361 2060 tali
387 2028 562 2075 genere
589 2021 727 2074 atque
752 2011 928 2070 animo,
958 2019 1122 2057 natum
1157 2026 1215 2056 ex
1250 2009 1382 2057 tantzi

265 2093 456 2141 familia.
1408 2108 1459 2149 10

70 2176 146 2223 So.
184 2175 257 2223 Ita
300 2175 379 2237 pol
423 2183 510 2233 est,
557 2182 608 2221 ut
653 2173 805 2221 dieis:
854 2173 1008 2220 salvus
1053 2172 1205 2232 nobis,
1252 2171 1383 2218 Deos

265 2271 442 2318 quaeso,
467 2264 519 2302 ut
542 2255 646 2302 siet.
