1648 2738
445 57 667 95 ANDmA.
718 57 821 95 Aer.
841 57 871 94 1.
908 57 1036 95 scm.
1055 57 1089 94 2.
1429 49 1492 99 17
1517 75 1520 77 -

606 254 812 299 SCENA
845 253 901 298 ΙΙ.

554 382 698 429 Snuo.
761 380 948 434 DAvus.

159 512 233 561 Si.
269 512 389 560 NON
413 513 611 560 dubium
636 521 707 560 est
730 512 845 575 quin
869 528 1066 560 uxorem
1090 511 1212 560 nolit
1234 511 1389 562 filius:

91 592 167 642 lta
189 594 378 642 Davum
402 594 545 640 modo
570 594 737 641 timere
761 593 904 653 sensi,
930 593 1013 640 ubi
1037 593 1227 656 nuptias

92 674 300 721 Futuras
325 690 427 722 esse
455 674 645 721 audivit.
717 674 814 721 Sed
839 674 939 736 ipse
963 673 1060 721 exit
1083 674 1222 722 foras.

92 754 195 802 Da.
234 754 464 814 Mirabar,
496 754 589 801 hoo
623 754 663 801 si
697 755 768 802 sic
805 754 981 802 abiret:
1019 763 1065 801 et
1089 755 1191 802 heri
1226 771 1411 819 semper

287 834 459 881 lenitas

90 914 304 962 Verebar
329 930 555 977 quorsum
579 914 813 961 evaderet.
1437 913 1464 954 5

88 994 194 1047 Qui
227 1004 478 1058 postquam
516 995 728 1042 audierat
762 1011 860 1042 non
896 995 1058 1042 datum
1094 995 1152 1043 iri
1175 996 1274 1043 filio
1298 1011 1413 1044 uxo-

286 1091 387 1123 rem
411 1091 515 1135 suo,

90 1156 354 1220 Nunquam
379 1157 603 1219 cuiquam
627 1157 843 1204 nostrum
867 1158 1064 1204 verbum
1100 1157 1230 1218 fecit,
1257 1174 1412 1221 neque

289 1238 337 1284 id
363 1254 488 1301 aegre
511 1238 630 1285 tulit.

89 1317 161 1367 Si.
199 1318 268 1366 At
300 1335 431 1366 nuno
467 1318 636 1377 faeiet3
673 1335 846 1381 neque,
882 1328 935 1367 ut
969 1320 1156 1382 opinor,
1188 1320 1293 1368 sine
1327 1328 1412 1368 tuo

284 1415 459 1463 magno
483 1400 622 1447 malo.

89 1479 192 1528 Da.
229 1479 287 1527 Id
311 1480 476 1540 voluit,
502 1496 590 1528 nos
624 1480 695 1527 sio
730 1497 822 1528 nee
856 1482 1106 1544 opinantes
1142 1482 1255 1528 duci
1291 1481 1410 1529 falso

287 1561 480 1624 gaudio,

90 1641 348 1704 Sperantes
378 1641 494 1704 jam,
534 1651 692 1689 amoto
727 1651 884 1700 metu3
934 1643 1116 1690 interea
1150 1643 1410 1690 oscitantes

286 1721 516 1784 opprimi3
1438 1736 1487 1777 ιο

89 1802 168 1850 Ne
192 1811 317 1850 esset
340 1803 544 1865 spatium
570 1803 814 1867 cogitandi
842 1804 899 1850 ad
924 1804 1257 1851 disturbandas
1291 1821 1409 1868 nup-

285 1892 388 1931 tias.

89 1963 287 2011 Astute!
358 1965 430 2012 Si.
468 1965 726 2024 Carnufex,
748 1966 1106 2027 quaeloquitur!
1177 1966 1280 2014 Da.
1309 1967 1407 2014 He-

287 2061 367 2091 rus
391 2053 477 2103 est,
502 2061 658 2107 neque
680 2045 993 2107 provideram.
1139 2051 1142 2054 ’

90 2123 161 2172 Si.
198 2124 345 2172 Dave.
416 2126 518 2173 Da.
558 2126 703 2184 Hem,
741 2126 855 2187 quid
891 2129 993 2173 est?
1073 2127 1144 2174 Si.
1182 2127 1406 2174 Ehodum

288 2206 345 2252 ad
370 2222 459 2253 me.
540 2207 643 2253 Da.
679 2206 816 2256 Quid
851 2207 930 2253 hic
966 2207 1094 2254 volt?
1162 2208 1233 2254 Si.
1269 2208 1407 2258 Quid

289 2286 388 2333 ais?
458 2287 559 2334 Da.
596 2287 712 2338 Qua
738 2287 796 2334 de
820 2289 903 2335 re?
974 2288 1045 2335 Si.
1083 2288 1284 2352 Rogas?

483 2368 515 2415 2
536 2367 563 2394 *²
