1648 2738
106 65 199 114 112
478 73 733 111 ADELPm.
786 73 890 109 Aer.
910 71 977 108 1v.
1012 72 1140 108 scm.
1158 70 1192 107 2.

174 198 263 264 Sy.
302 198 466 246 Rideo
490 199 652 246 hune:
689 198 895 261 primum
924 196 988 243 ait
1022 212 1072 243 se
1109 195 1264 243 scire:
1302 195 1343 242 is
1378 194 1509 243 solus

372 280 528 327 nescit
552 280 728 327 omnia.

98 367 150 409 1-0
173 361 268 410 De.
308 362 458 410 Nunc
499 363 673 409 redeo:
713 361 750 407 si
796 361 917 407 forte
959 359 1102 406 frater
1140 358 1351 415 redierit,
1388 358 1503 406 viso.

375 443 451 491 Gt.
493 445 630 506 Syre,

171 524 409 583 Obsecro,
436 525 560 584 vide,
585 540 647 570 ne
674 524 753 571 ille
777 523 872 570 hue
896 538 1091 586 prorsus
1115 537 1166 568 se
1185 521 1346 569 irruat.
1419 521 1504 585 Sy.

373 605 534 652 Etiam
560 614 691 652 taces
709 606 728 652 Τ

173 687 282 751 Ego
330 688 525 734 cavebo.
614 687 690 733 Gt.
729 686 993 747 Nunquam
1032 684 1194 731 hercle
1235 683 1380 730 hodie
1417 698 1508 747 ego

371 769 496 815 istuc
522 768 818 815 committam
842 766 930 813 tibi
950 783 959 813 :

171 849 302 897 Nam
326 866 403 896 me
422 850 519 913 jam
547 850 594 896 in
622 849 793 897 cellam
822 849 1028 910 aliquam
1055 863 1165 894 eum
1203 846 1284 893 illa
1311 846 1506 893 conclu-

371 932 480 978 dam
504 948 512 977 :
552 931 599 977 id
626 930 917 978 tutissimum
942 931 1014 977 'st.

172 1012 259 1076 Sy.
297 1012 423 1076 Age,
450 1021 610 1059 tamen
652 1028 743 1076 ego
785 1013 916 1058 hune
958 1010 1202 1057 amovebo.
1274 1009 1369 1057 De.
1409 1009 1505 1056 Sed

371 1110 543 1141 eccum
570 1093 859 1141 sceleratum
886 1092 1077 1155 Syrum.

97 1180 148 1220 15
172 1175 259 1238 Sy.
298 1174 412 1222 Non
440 1175 601 1222 hercle
627 1175 707 1222 hie
733 1174 926 1237 quidem
954 1174 1125 1220 durare
1161 1173 1429 1237 quisquam,
1466 1172 1507 1219 si

370 1256 441 1302 sic
466 1256 534 1315 fit,
558 1264 730 1319 potest.

173 1336 314 1385 Scire
339 1337 564 1399 equidem
590 1338 714 1395 volo,
742 1346 857 1399 quot
884 1337 1000 1384 mihi
1026 1336 1122 1384 sint
1146 1336 1330 1384 domini
1354 1353 1363 1383 :
1401 1352 1507 1399 quae

371 1419 475 1465 haec
501 1429 572 1465 est
598 1419 822 1466 miseria?

174 1499 271 1547 De.
308 1500 448 1550 Quid
474 1500 554 1546 ille
580 1500 785 1563 gannit?
823 1500 937 1561 quid
962 1500 1091 1547 volt?
1127 1499 1241 1562 quid
1270 1499 1355 1559 aie,
1381 1500 1508 1547 bone

373 1581 480 1628 vir?
516 1590 588 1633 est
614 1582 755 1627 frater
781 1581 946 1628 domi?

172 1664 259 1728 Sy,
296 1663 451 1721 Quid,
500 1663 707 1709 malum!
763 1667 792 1688 “
817 1663 942 1709 bone
984 1662 1102 1718 vir‚''
1146 1662 1263 1708 mihi
1305 1663 1506 1708 narras?

372 1744 595 1806 equidem
619 1743 755 1805 perii.
827 1743 921 1791 De.
958 1743 1096 1794 Quid
1121 1743 1208 1790 tibi
1234 1745 1338 1790 est?

174 1826 260 1890 Sy.
299 1825 541 1888 Rogitas?
612 1825 843 1887 Ctesipho
867 1841 941 1871 me
965 1825 1141 1888 pugnis
1177 1824 1421 1884 miserum,
1460 1833 1506 1871 et

314 1953 317 1955 ,
373 1906 510 1953 istam
537 1906 798 1968 psaltriam,

95 1988 338 2051 SoUsque
379 1988 573 2034 occidit.
646 1987 740 2034 De.
782 1987 935 2034 Hem!
991 1986 1104 2049 quid
1143 1988 1345 2034 narras?
1416 1987 1503 2050 Sy.

374 2069 501 2116 Hem
524 2070 532 2116 !
571 2069 695 2127 vide,
723 2078 774 2115 ut
800 2068 993 2115 discidit
1017 2068 1216 2116 labrum.

174 2152 269 2201 De.
321 2151 696 2202 Quamobrem?
788 2150 873 2212 Sy.
930 2149 1014 2196 Me
1073 2149 1332 2211 impulsore
1378 2149 1505 2196 hanc.

373 2241 549 2280 emtam
592 2248 695 2279 esse
740 2233 819 2279 ait.
904 2231 998 2279 De.
1036 2231 1152 2278 Non
1190 2241 1241 2278 tu
1280 2247 1388 2280 eum
1424 2247 1505 2280 rus

373 2315 487 2362 hinc
512 2314 656 2360 modo
