1648 2738
121 95 216 142 142
506 104 761 142 ADELPHL
813 105 918 142 Aer.
940 104 984 141 v.
1020 105 1149 142 scm«.
1168 105 1202 143 9.

191 228 412 289 Dederis,
461 231 590 277 unde
636 239 825 278 utatur:
886 230 1053 278 reddet
1099 230 1188 278 tibi
1235 230 1347 278 cito.
1432 230 1524 279 Mi„

388 312 519 359 Istoc
544 313 697 360 vilius.

114 396 166 436 25
189 394 302 441 AEs.
344 394 493 458 Frugi
519 394 664 441 homo
688 404 772 441 est.
845 394 931 458 Sy.
970 394 1195 441 Reddam
1238 393 1401 442 hercle
1415 411 1427 453 3
1464 393 1525 442 da
1605 460 1615 469 ·

389 477 547 523 modo.
619 476 732 524 AEs.
773 477 898 541 Age,
923 484 1071 540 pater.
1143 476 1233 523 Mi.
1271 476 1387 524 Post
1412 492 1525 523 con-

387 558 554 606 sulam.
1203 575 1205 577 ’

189 640 283 686 De.
322 639 505 687 Faciet.
591 641 677 704 Sy.
714 640 763 687 O
803 640 873 687 vir
913 641 1139 704 optume!
1224 638 1340 687 AEs.
1377 638 1424 686 Ο
1460 639 1524 685 mi

385 730 519 785 pater
544 721 845 770 festivissime
866 723 876 769 !

187 803 278 850 Mi.
314 802 451 854 Quid
492 803 650 851 istuc?
718 803 847 855 Quae
885 820 961 851 res
998 812 1095 851 tam
1137 812 1335 867 repente
1368 818 1527 850 mores

387 885 586 932 mutavit
610 887 754 933 tuos?

187 966 340 1017 Quod
363 967 676 1030 prolubium?
711 984 816 1030 quae
843 967 975 1015 istaec
1001 967 1161 1015 subita
1184 975 1256 1014 est
1292 966 1526 1031 largitas?

388 1049 483 1096 De.
523 1048 697 1096 Dicam
724 1049 811 1096 tibi
835 1066 844 1096 :

188 1130 252 1178 Ut
277 1130 324 1177 id
350 1131 671 1190 ostenderem,
698 1131 826 1194 quod
852 1140 898 1187 te
925 1131 1002 1178 isti
1028 1130 1219 1179 facilem
1239 1139 1287 1178 et
1305 1130 1525 1179 festivum

385 1223 572 1276 putant,

113 1299 164 1339 30
189 1294 246 1341 Id
270 1311 366 1342 non
391 1294 493 1342 fieri
519 1311 577 1342 ex
604 1295 712 1343 vera
738 1295 853 1354 vita,
879 1310 1035 1357 neque
1063 1294 1182 1342 adeo
1219 1310 1279 1342 ex
1319 1310 1454 1357 aequo
1479 1304 1526 1342 et

388 1377 546 1435 bono;

189 1459 284 1506 Sed
322 1474 381 1506 ex
428 1459 731 1519 assentando,
794 1458 1107 1522 indulgendo,
1162 1467 1208 1506 et
1252 1457 1526 1523 largiundo,

386 1540 554 1588 Micio,

189 1622 339 1670 Nunc
367 1623 503 1682 adeO,
530 1623 569 1670 si
594 1623 657 1670 ob
681 1640 787 1670 eam
814 1639 913 1670 rem
940 1622 1074 1669 vobis
1100 1622 1195 1669 vita
1231 1638 1338 1669 mea
1374 1622 1526 1670 invisa

387 1714 475 1764 est,
503 1705 755 1765 AEschine‚

188 1787 325 1839 Quia
348 1804 446 1834 non
484 1787 629 1850 justa,
657 1787 847 1851 injusta,
891 1803 1086 1850 prorsus
1127 1787 1291 1834 omnia
1325 1787 1525 1836 omnino

387 1869 652 1931 obsequor3

191 1950 343 1997 Missa
369 1950 526 1997 facio:
564 1951 811 2009 effundite,
839 1950 999 2008 emite,
1029 1949 1186 2008 facite,
1224 1950 1351 2012 quod
1389 1950 1524 1997 vobis

387 2031 532 2079 lubet.

113 2121 163 2158 35
191 2114 289 2161 Sed
328 2113 366 2159 si
394 2113 442 2159 id
467 2114 607 2160 voltis
631 2114 806 2177 potiUS,
841 2131 945 2176 quae
987 2130 1070 2160 vos
1106 2123 1300 2176 propter
1340 2113 1525 2160 adoles-

387 2195 596 2242 centiam

191 2278 356 2325 Minus
380 2277 567 2334 videtis,
596 2277 748 2341 magis
790 2277 1004 2340 impense
1041 2275 1234 2339 cupitis,
1273 2275 1525 2324 consulitis

385 2375 572 2422 parum,
