1648 2738
97 79 164 127 24
509 87 741 125 ANDRIA.
793 87 896 124 Αοτ.
918 87 947 123 1.
983 87 1113 124 scm.
1131 87 1166 123 5.

380 214 458 262 O!
508 214 653 273 salve,
689 212 972 276 Pamphile!
1067 212 1165 260 Pa.
1201 211 1340 263 Quid
1389 211 1523 277 agit?

380 296 486 359 My.
525 296 733 360 Rogas?

181 379 391 428 Laborat
417 395 444 426 e
469 378 653 438 dolore,
677 386 817 441 atque
843 393 901 424 ex
926 377 1020 423 hoc
1045 376 1221 423 misera
1240 376 1447 424 sollicita
1466 378 1525 423 'st

380 461 475 521 die,

179 543 317 595 Quia
352 543 468 589 olim
494 542 543 589 in
570 542 701 588 hunc
735 550 846 588 sunt
872 539 1147 587 constitutae
1173 538 1385 602 nuptiae:
1422 547 1526 586 tum

385 632 544 671 autem
571 623 665 669 hoc
690 622 844 680 timet,

101 716 153 758 35
182 705 263 754 Ne
299 706 494 753 deseras
529 721 593 752 se.
665 704 765 751 Pa.
806 703 967 750 Hem!
1007 718 1164 767 egone
1200 702 1326 749 istuc
1358 702 1526 750 conari

384 788 594 851 queam?

184 870 293 935 Ego
316 878 511 933 propter
537 884 614 915 me
640 867 771 915 illam
796 866 956 930 decipi
983 866 1208 914 miseram
1234 866 1428 914 sinam?

183 952 313 1004 Quae
349 950 469 998 mihi
506 966 647 998 suum
685 949 917 1009 animum,
956 957 1098 1012 atque
1140 964 1335 996 omnem
1381 949 1528 995 vitam

386 1032 593 1081 credidit
612 1050 624 1091 ;

184 1115 353 1168 Quam
377 1131 469 1179 ego
496 1114 658 1162 animo
684 1113 881 1178 egregie
907 1129 1070 1160 caram
1092 1129 1181 1177 pro
1205 1129 1356 1160 uxore
1380 1112 1531 1160 habu·

388 1197 536 1256 erim;

188 1280 324 1330 Bene
370 1289 417 1328 et
463 1278 643 1343 pudice
690 1278 793 1342 ejus
840 1278 1038 1326 doctum
1100 1286 1241 1341 atque
1299 1278 1529 1326 eductum

387 1362 543 1410 sinam

105 1448 159 1488 40
189 1446 430 1494 Coactum
455 1453 670 1509 egestate
695 1443 947 1508 ingenium
973 1442 1311 1490 immutarier?

188 1527 305 1576 Non
330 1527 521 1575 faciam.
593 1527 699 1590 My.
739 1525 888 1573 Haud
913 1541 1099 1585 vereor,
1125 1524 1165 1572 si
1191 1525 1242 1572 in
1267 1533 1315 1573 te
1340 1525 1444 1573 solo
1469 1526 1530 1573 sit

389 1609 533 1657 situm
555 1627 566 1668 ;

188 1693 286 1742 Sed
324 1693 420 1740 vim
455 1700 508 1740 ut
543 1707 691 1754 queas
727 1691 864 1739 ferre.
936 1690 1037 1738 Pa.
1076 1689 1267 1738 Adeon'
1294 1706 1373 1738 me
1398 1690 1533 1756 igna-

386 1791 499 1822 vum
522 1775 698 1838 putas'l

188 1857 379 1906 Adeon'
427 1873 572 1920 porro
619 1856 879 1921 ingratum,
930 1864 1010 1902 aut
1065 1855 1399 1915 inhumanum,
1450 1865 1531 1903 aut

389 1939 560 1998 serum,

188 2022 254 2071 Ut
294 2037 452 2084 neque
493 2037 571 2068 me
614 2020 934 2079 consuetudo,
977 2035 1135 2082 neque
1178 2035 1328 2076 amor,
1370 2036 1530 2083 neque

386 2104 543 2168 pudor

109 2188 163 2228 45
191 2189 525 2246 Commoveat,
596 2201 754 2248 neque
824 2193 1147 2244 commoneat,
1219 2194 1271 2232 ut
1344 2201 1528 2233 servem

389 2269 569 2318 fidem?

192 2355 283 2418 My
334 2353 499 2402 Unum
546 2351 640 2398 hoc
688 2349 807 2409 sci0‚
858 2350 984 2397 hanc
1041 2349 1260 2397 meritam
1307 2366 1430 2410 esse,
1477 2358 1529 2397 ut

392 2449 576 2482 memor
603 2448 733 2481 esses
757 2431 846 2480 sui.
