1648 2738
418 93 636 130 ANDRIA.
687 93 789 128 Am.
812 91 878 127 [11.
914 92 1042 127 scm.
1063 91 1097 126 1.
1409 80 1473 129 37

87 218 392 266 Potissimum
418 217 619 263 nune'2'’
659 224 720 272 et,
748 214 874 275 quod
899 213 1156 260 dicendum
1189 212 1268 258 hio
1292 211 1397 266 siet,

86 299 168 345 Tu
202 314 390 361 quoque
423 312 651 359 perparce
686 295 914 341 nimium:
953 310 1050 340 non
1084 292 1241 339 laudo.
1325 290 1397 337 Si.

283 378 432 425 Tace.

90 460 190 506 Da.
229 458 493 505 Commovi.
563 457 634 504 Si.
672 456 778 519 Ego
814 455 995 513 isthaec,
1020 462 1150 501 recte
1184 460 1237 499 ut
1267 452 1398 511 fiant,

282 539 457 585 videro.
1422 539 1475 578 25

85 619 334 671 Quidnam
380 619 473 665 hoe
518 619 587 664 rei
623 618 725 668 est?
773 616 886 678 quid
921 615 999 661 hio
1036 614 1132 660 volt
1166 621 1398 660 veterator

282 699 409 745 sibi?

87 780 229 839 Nam,
271 779 310 825 si
351 779 430 825 hic
471 778 582 824 mali
623 786 693 824 est
734 777 1008 839 quidquam,
1034 775 1144 822 hem
1188 774 1286 820 illio
1327 781 1399 820 est

282 858 395 904 huie
419 857 487 905 rei
513 866 668 920 eaput.

424 1076 627 1121 ACTUS
662 1075 740 1118 III.
789 1075 993 1118 SCENA
1026 1074 1058 1116 l.

129 1204 307 1251 Mws.
356 1205 499 1250 Smo.
547 1202 734 1250 DAvus.
782 1201 986 1247 LESBIA.
1034 1200 1353 1247 GLYCERIUM.

150 1337 254 1399 JIy.
291 1335 380 1382 I'rA
404 1335 482 1397 pol
508 1334 699 1396 quidem
725 1349 801 1380 res
825 1340 911 1390 est,
938 1340 989 1378 ut
1016 1331 1150 1389 dixti,
1177 1330 1378 1378 Lesbia:

88 1417 302 1464 Fidelem
326 1416 452 1462 haud
478 1416 624 1461 ferme
648 1413 835 1460 mulieri
861 1412 1075 1459 invenias
1100 1412 1267 1458 virum.

88 1498 159 1545 Si.
197 1498 277 1544 Ab
318 1496 503 1542 Andria
543 1497 602 1541 'st
643 1493 817 1541 aneilla
855 1493 996 1539 haeo'?
1049 1492 1163 1553 quid
1203 1493 1398 1538 narras?

284 1576 387 1624 Da.
423 1575 498 1622 Ita
522 1583 605 1622 est.

88 1658 191 1721 Any.
230 1649 327 1704 Sed
362 1656 442 1702 hio
476 1653 751 1716 Pamphilus
787 1688 798 1700 .
838 1691 846 1699 .
886 1691 895 1700 .
966 1653 1036 1700 Si.
1072 1652 1210 1702 Quid
1244 1651 1398 1698 dicit?

287 1736 390 1799 My.
429 1735 659 1783 Firmavit
682 1734 837 1780 fidem.
909 1733 979 1779 Si.
1019 1733 1177 1781 Hem!

92 1819 190 1867 Da.
227 1817 421 1866 Utinam
461 1824 539 1862 aut
573 1815 653 1861 hie
678 1814 863 1872 surdus,
892 1822 970 1860 aut
994 1813 1096 1859 haee
1121 1821 1251 1859 muta
1275 1813 1400 1859 facta

286 1906 360 1945 Sit.
1422 1902 1449 1941 5

91 1979 193 2042 My.
230 1977 374 2036 Nam,
412 1976 538 2039 quod
576 1975 852 2039 peperisset,
885 1973 1023 2036 jussit
1060 1973 1174 2019 tolli.
1246 1972 1316 2019 Si.
1353 1972 1399 2019 O

287 2058 472 2120 Jupiter
495 2059 504 2104 !
684 2049 687 2052 '

88 2139 224 2191 Quid
249 2155 338 2202 ego
364 2138 540 2185 audio?
591 2145 747 2183 aetum
782 2137 853 2193 ’st,
887 2133 1120 2196 siquidem
1161 2133 1264 2179 haeo
1289 2147 1398 2178 vera

284 2218 524 2282 praedieat.

95 2301 175 2349 Le.
214 2300 401 2347 Bonum
426 2298 671 2361 ingenium
696 2312 858 2343 narras
895 2294 1222 2341 adolescentis,
1292 2293 1395 2356 My.

284 2380 562 2442 Optumum.

298 2480 327 2509 τ
485 2460 516 2505 4
