1648 2738
408 74 628 112 ANDRIA.
678 75 781 112 Ac'r.
801 75 850 111 ΙΙ.
887 77 1014 112 Sem«.
1033 76 1068 113 4.
1400 69 1474 117 33*

77 196 206 244 Patri
231 197 309 244 dic
333 198 451 245 velle
470 215 481 256 3
518 207 585 258 ut,
607 215 717 245 cum
736 199 848 246 velit
870 198 957 246 tibi
976 199 1083 262 jure
1107 198 1264 255 irasci,
1290 216 1387 247 non

271 287 423 340 queat.
1410 284 1462 325 20

77 358 220 418 Nam,
246 360 373 421 quod
396 369 447 407 tu
472 376 646 423 speras,
670 360 956 424 propulsabo
988 360 1154 408 facile:
1191 377 1386 408 uxorem

274 441 347 487 his
371 443 582 488 moribus

76 519 223 567 Dabit
262 536 418 568 nemo.
485 521 702 569 Inveniet
742 522 931 584 inopem
964 522 1139 584 potius,
1176 538 1316 584 quam
1340 531 1387 569 te

272 603 511 664 corrumpi
535 603 670 650 sinat.

77 681 190 739 Sed,
216 682 255 728 si
289 690 336 729 te
372 699 506 744 aequo
543 669 857 731 animo'ferre
894 684 1112 746 accipiet,
1145 685 1388 748 negligen-

271 771 367 811 tem
391 764 573 811 feceris.

77 844 236 892 Aliam
273 845 453 891 otiosus
488 854 692 907 quaeret:
730 845 911 893 interea
947 846 1123 908 aliquid
1160 847 1388 895 acciderit

271 925 399 972 boni

75 1004 174 1053 Pa.
210 1005 331 1052 Itan’
355 1006 545 1053 credis?
616 1006 718 1054 Da.
748 1007 892 1054 Haud
912 1007 1109 1055 dubium
1128 1009 1176 1054 id
1195 1009 1387 1070 quidem

271 1095 354 1134 est.
444 1087 542 1134 Pa.
579 1087 705 1135 Vide
752 1104 845 1150 quo
885 1104 961 1135 me
1001 1088 1213 1136 inducas.
1282 1089 1384 1137 Da.

271 1166 409 1218 Quin
432 1170 598 1216 taces?
1411 1186 1464 1226 25

79 1246 175 1295 Pa.
213 1247 417 1296 Dicam:
463 1265 663 1311 puerum
706 1259 863 1297 autem
904 1267 964 1298 ne
1004 1251 1231 1298 resciscat
1271 1252 1387 1299 mihi

272 1345 375 1377 esse
399 1346 457 1376 ex
482 1330 578 1389 illa,
605 1331 765 1378 cautio
790 1340 860 1378 est
882 1349 891 1378 ε

76 1406 205 1454 Nam
238 1408 479 1470 pollicitus
514 1426 617 1455 sum
653 1419 996 1473 suscepturum,
1066 1411 1168 1458 Da.
1206 1411 1252 1458 O
1277 1411 1390 1458 faci-

272 1505 362 1536 nus
388 1490 570 1538 audax!
638 1491 737 1538 Pa.
776 1491 917 1538 Hanc
942 1492 1083 1539 fidem

79 1569 200 1629 Sibi,
236 1585 312 1617 me
348 1571 628 1629 obsecravit,
666 1571 745 1633 qui
782 1588 831 1619 se
867 1572 1009 1619 sciret
1043 1589 1139 1619 non
1181 1573 1391 1620 desertu-

275 1666 396 1709 rum,
424 1659 474 1697 ut
499 1651 675 1698 darem.

79 1727 180 1776 Da.
219 1729 488 1776 Curabitur.
561 1731 657 1777 Sed
680 1739 812 1793 pater
850 1732 1011 1779 adest:
1049 1749 1179 1791 cave,
1204 1741 1252 1780 te
1286 1749 1390 1781 esse

273 1809 455 1858 tristem
479 1811 663 1859 sentiat.

580 2031 738 2075 SCEN
741 2034 783 2075 A
813 2033 891 2075 IV.

369 2159 512 2205 Smo.
560 2157 746 2205 DAvus.
794 2157 1101 2207 PAMPerJs.

146 2286 216 2335 Si.
254 2287 449 2335 Rauso
475 2289 589 2351 quid
616 2297 772 2353 agant,
800 2298 878 2337 aut
903 2290 1016 2353 quid
1053 2299 1245 2354 captent
1280 2306 1392 2339 con·

275 2368 364 2417 sili.
