1648 2738
137 99 232 146 106
511 102 768 141 ADELPm.
818 102 922 139 Aer.
940 101 1013 138 111.
1048 100 1231 138 Sunuci.

131 242 183 281 10
206 232 283 279 Te
308 231 460 279 solum
489 230 750 277 habemus:
787 236 838 275 tu
864 243 916 275 es
937 235 1183 290 patronus,
1208 234 1260 273 tu
1277 241 1487 290 parens:

206 315 294 362 Ille
319 313 406 360 tibi
431 312 642 359 moriens
667 327 756 358 nos
780 308 1136 357 commendavit
1160 324 1318 357 senex.

208 397 261 443 Si
287 394 467 442 deseris
491 402 561 453 tu,
585 391 810 457 perimus.
882 390 978 438 He.
1017 389 1148 437 Cave
1171 389 1362 437 dixeris.

208 477 383 539 Neque
408 476 600 534 faciam,
625 489 784 536 neque
808 488 887 520 me
909 472 1025 519 satis
1047 471 1129 534 pie
1151 486 1293 533 posse
1319 470 1538 518 arbitror.

209 560 303 606 De.
343 558 519 605 Adibo.
593 556 789 603 Salvere
813 554 1091 618 Hegionem
1115 552 1374 615 plurimum

133 643 181 681 15
208 640 381 687 Jubeo.
488 638 582 685 He.
642 637 720 684 Te
777 635 1049 699 quaerebam
1107 634 1277 697 ipsum.
1382 633 1543 693 Salve,

404 721 602 767 Demea.

209 803 303 850 De.
340 802 478 853 Quid
523 801 721 847 autem?
792 798 888 846 He.
928 797 1085 861 Major
1122 797 1250 844 filius
1288 805 1400 843 tuus
1435 795 1546 843 AEs—

408 883 598 942 chinus,

207 965 372 1016 Quem
399 965 531 1012 fratri
558 963 881 1026 adoptandum
907 961 1098 1020 dedisti,
1125 975 1284 1023 neque
1306 959 1423 1008 boni

211 1047 389 1109 Neque
414 1046 625 1094 liberalis
651 1045 845 1092 functus
870 1043 1084 1090 officium
1110 1051 1182 1090 est
1206 1041 1311 1089 viri.

219 1129 305 1176 De.
341 1128 478 1180 Quid
513 1128 677 1174 istuc?
747 1125 845 1173 He.
881 1124 1118 1172 Nostrum
1156 1123 1365 1171 amicum
1400 1121 1546 1170 noras

411 1209 668 1267 Simulum,

134 1296 185 1338 20
213 1293 374 1355 Atque
422 1290 692 1353 aequaiem‘?
776 1288 870 1336 De.
923 1286 1153 1338 Quidni?
1235 1285 1331 1334 He.
1369 1285 1544 1333 Filiam

409 1372 511 1436 ejus
536 1371 770 1435 virginem

212 1454 428 1502 vitiavit.
516 1454 610 1501 De.
648 1452 809 1500 Hem!
865 1451 960 1499 He.
998 1450 1178 1497 Mane:
1216 1449 1431 1496 nondum
1470 1465 1549 1496 au-

411 1535 541 1594 disti,
566 1535 768 1594 Demea,

212 1617 364 1669 Quod
390 1626 461 1664 est
485 1615 832 1681 gravissimum.
905 1614 1000 1662 De,
1039 1613 1119 1661 An
1146 1613 1262 1676 quid
1296 1621 1369 1660 est
1403 1612 1547 1660 etiam

415 1698 617 1758 amplius
634 1699 656 1745 ’ἶ

216 1781 311 1828 He.
349 1781 481 1828 Vero
507 1780 740 1842 amplius:
781 1795 889 1826 nam
932 1779 1026 1826 hoe
1064 1777 1257 1841 quidem
1294 1776 1550 1824 ferundum

416 1862 574 1924 aliquo
599 1861 745 1907 modo
769 1862 827 1907 'st
850 1877 858 1907 :

215 1943 458 1991 Persuasit
483 1959 595 2001 nox,
623 1958 772 2000 amor,
799 1942 980 1999 vinum,
1008 1939 1362 1987 adolescentia:

139 2037 191 2076 25
219 2025 499 2072 Humanum
547 2027 618 2071 'st.
713 2023 808 2071 Ubi
857 2023 948 2070 scit
999 2022 1198 2080 sactum,
1246 2021 1302 2067 ad
1352 2030 1550 2067 matrem

415 2106 615 2169 virginis

216 2188 364 2236 Venit
388 2187 518 2250 ipsus
544 2187 686 2245 ultro,
711 2186 1002 2243 lacrumans,
1026 2200 1185 2242 orans,
1211 2184 1487 2240 obsecrans,

217 2269 388 2317 Fidem
415 2269 550 2326 danS,
571 2268 737 2331 jurans
764 2283 813 2314 se
839 2267 967 2313 illam
995 2266 1249 2312 ducturum
1276 2266 1485 2312 domum.

218 2350 442 2414 Ignotum
487 2350 576 2395 'stt
615 2349 815 2395 tacitum
851 2349 942 2394 'stt
980 2346 1214 2394 creditum
1258 2348 1330 2392 'st.
1401 2345 1555 2410 Virgo

420 2445 478 2477 ex
502 2444 562 2476 eo
