1648 2738
153 78 218 144 32
555 103 779 142 ANnmA.
833 97 933 140 Ac‘rQ
952 103 1004 140 11.
1040 103 1168 140 sam.
1185 103 1221 139 3.

229 228 370 277 Prius
410 243 553 291 quam
593 237 746 288 tuum,
783 237 836 276 ut
876 244 980 276 sese
1022 227 1212 287 habeat,
1250 226 1462 275 animum
1498 227 1557 276 ad

428 310 619 374 nuptias
642 310 949 373 perspexerit.

176 403 203 442 5
230 393 328 440 Sed
363 392 402 440 si
438 401 489 439 tu
514 392 707 457 negaris
732 391 927 451 ducere,
954 391 1020 438 ibi
1048 390 1239 454 culpam
1264 391 1313 438 in
1336 400 1385 439 te
1408 399 1559 439 trans·

429 474 562 521 feret.
1205 505 1207 507 -

226 556 360 604 Tum
408 556 499 603 illae
546 556 697 603 turbae
743 555 872 602 fient.
993 555 1092 602 Pa.
1129 554 1342 606 Quidvis
1387 554 1553 618 patiar.

426 637 528 685 Da.
566 637 707 684 Pater
732 645 819 696 est,
845 636 1108 699 Pamphile.

228 720 440 768 Difficile
476 728 579 767 est:
616 727 718 766 tum
753 718 858 765 haee
895 718 997 765 sola
1031 727 1102 765 est
1137 718 1335 765 mulier:
1374 717 1557 765 dietum

429 817 485 848 ao
511 801 707 860 factum,
735 799 971 847 invenerit

228 884 455 946 Aliquam
516 897 728 942 eausam,
778 881 1089 944 quamobrem
1146 881 1309 945 ejiciat
1365 881 1556 946 oppido.

431 965 525 1013 Pa.
564 964 780 1028 Ejieiat‘?
849 963 952 1011 Da.
991 963 1118 1011 Cito.

226 1047 326 1095 Pa.
365 1047 501 1095 Cedo
526 1047 688 1111 igitur,
715 1046 828 1108 quid
865 1045 1055 1105 faciam,
1082 1045 1254 1093 Dave?
1323 1045 1426 1094 Da.
1464 1045 1561 1094 Dio

425 1138 473 1176 te
519 1129 793 1176 ducturum.
887 1127 986 1175 Pa.
1026 1127 1187 1175 Hem!
1282 1127 1385 1176 Da.
1421 1127 1558 1180 Quid

424 1219 496 1258 est
516 1212 535 1258 'f

153 1295 205 1336 10
226 1292 326 1340 Pa.
364 1291 536 1356 Egone
557 1292 753 1340 dicam?
823 1291 926 1340 Da.
962 1291 1063 1338 Cur
1083 1293 1219 1339 non?
1295 1291 1388 1339 Pa.
1424 1291 1561 1338 Nun-

425 1390 567 1437 quam
594 1374 781 1422 faciam.
854 1373 957 1422 Da.
998 1373 1076 1421 Ne
1100 1390 1238 1438 nega.

225 1456 326 1504 Pa.
365 1456 580 1504 Suadere
626 1455 741 1504 noli.
835 1455 937 1503 Da.
977 1455 1052 1502 Ex
1098 1456 1156 1503 ea
1201 1472 1252 1503 re
1300 1455 1415 1518 quid
1461 1455 1558 1514 fiat,

426 1538 549 1586 vide.

225 1620 326 1668 Pa.
363 1620 428 1668 Ut
471 1620 529 1667 ab
572 1619 653 1667 illa
688 1619 932 1679 excludar,
972 1619 1067 1666 huc
1103 1619 1382 1666 concludar.
1455 1618 1557 1666 Da.

426 1701 475 1749 N
479 1718 542 1749 on
567 1701 633 1749 ita
657 1709 741 1749 est.

227 1782 418 1845 Nempe
443 1783 536 1829 hoo
561 1782 631 1829 sic
656 1798 760 1829 esse
784 1781 954 1844 opinor
981 1781 1223 1828 dicturum
1247 1790 1458 1844 patrem:

228 1864 443 1911 “Duoas
487 1864 595 1910 volo
642 1863 785 1911 hodie
840 1865 1104 1910 uxorem:’'
1165 1872 1233 1922 tu,
1283 1863 1554 1921 “ducam,''

428 1944 631 2006 inquies,

154 2031 203 2070 15
230 2027 382 2086 Cedo,
409 2027 522 2088 quid
543 2027 754 2090 jurgabit
777 2028 974 2073 tecum?
1012 2025 1092 2073 hic
1117 2026 1287 2072 reddes
1313 2025 1491 2084 omnia,

227 2109 356 2159 Quae
380 2124 511 2154 nune
537 2117 647 2155 sunt
672 2117 803 2155 certa
827 2107 871 2155 ei
892 2107 1108 2166 consilia,
1131 2107 1316 2154 incerta
1338 2115 1391 2153 ut
1415 2106 1556 2165 sient,

231 2190 349 2237 Sine
374 2190 504 2236 omni
529 2190 738 2252 periclo:
776 2206 887 2236 nam
913 2190 1066 2235 hocce
1091 2189 1218 2234 haud
1243 2189 1440 2235 dubium
1468 2197 1556 2248 est,

430 2271 546 2333 quin
571 2271 805 2318 Chremes

229 2353 348 2400 Tibi
378 2369 474 2399 non
500 2353 579 2399 det
604 2361 824 2416 gnatam:
862 2369 953 2399 neo
978 2361 1030 2399 tu
1055 2352 1112 2399 ea
1146 2353 1292 2399 eausa
1328 2351 1559 2399 minueris

232 2433 370 2493 Haeo,
398 2450 501 2496 quae
528 2433 673 2492 facis3
710 2449 771 2481 ne
797 2433 836 2480 is
860 2441 1010 2480 mutet
1034 2449 1169 2480 suam
1195 2433 1495 2481 sententiam.
