1648 2738
123 78 188 127 80
497 90 754 130 ADELPHI.
806 91 909 129 Ac-r.
936 91 966 128 1.
1002 91 1129 129 scm.
1152 91 1182 128 1.

204 214 324 261 Haec
351 215 481 263 fratri
498 232 688 263 mecum
704 231 801 263 non
818 216 1127 276 conveniunt,
1143 232 1300 278 neque
1316 215 1520 279 placent.

125 306 176 346 35
205 296 350 344 Venit
410 297 465 343 ad
524 314 599 345 me
647 314 788 361 saepe,
837 298 1106 357 clamitans,
1155 304 1184 324 “
1207 297 1346 349 Quid
1405 297 1522 362 agis,

401 378 554 425 Micio
573 381 592 426 ’ἱ

202 461 301 507 Cur
325 461 484 522 perdis
513 461 865 508 adolescentem
890 461 1065 508 nobis?
1103 477 1188 508 cur
1215 462 1377 524 amati?

202 542 301 587 Cur
327 544 492 604 potat?
529 559 614 589 cur
639 551 690 589 tu
716 543 788 588 his
814 543 955 589 rebus
980 553 1220 605 sumptum
1247 541 1501 606 suggeris?

201 624 389 671 Vestitu
416 625 565 671 nimio
592 624 810 688 indulges
833 641 841 670 :
881 624 1080 670 nimium
1108 625 1296 686 ineptus
1319 625 1417 671 eS.''

201 705 419 752 Nimium
468 706 567 768 ipse
615 714 686 755 est
733 706 895 765 durus,
942 715 1111 768 praeter
1160 720 1443 767 aequumque
1477 712 1525 752 et

399 788 605 835 bonum:

121 880 172 920 40
201 869 263 915 Et
288 879 410 916 errat
434 869 593 933 longe,
620 870 727 916 mea
754 869 946 931 quidem
972 869 1225 927 sententia,

196 950 301 1001 Qui
329 951 579 1013 imperium
606 951 769 998 credat
794 950 983 1013 gravius
1008 967 1111 997 esse
1138 959 1217 996 aut
1241 949 1474 1009 stabilius,

197 1032 259 1079 Vi
286 1033 410 1094 quod
438 1033 504 1087 fit,
531 1049 672 1094 quam
699 1032 814 1078 illud
842 1032 967 1094 quod
995 1032 1206 1078 amicitia
1234 1030 1520 1094 adjungitur.

197 1114 312 1161 Mea
335 1114 404 1160 sic
430 1123 501 1161 est
526 1114 663 1172 ratio,
692 1123 738 1160 et
763 1113 832 1160 sic
861 1113 1070 1160 animum
1097 1113 1276 1159 induco
1301 1127 1488 1160 meum:

196 1195 330 1243 Malo
356 1205 553 1242 coactus
579 1195 659 1257 qui
685 1211 824 1241 suum
849 1194 1060 1240 officium
1088 1194 1218 1252 facit,

120 1286 169 1325 15
196 1277 324 1324 Dum
351 1277 397 1323 id
423 1277 649 1323 rescitum
678 1277 732 1323 iri
759 1276 927 1335 credit,
954 1276 1182 1338 tantisper
1209 1284 1374 1322 cavet:

197 1358 248 1405 Si
276 1368 431 1421 sperat
457 1358 556 1404 fore
583 1358 722 1416 clam,
751 1373 938 1403 rursum
967 1357 1022 1403 ad
1050 1357 1296 1419 ingenium
1322 1357 1459 1405 redit.

194 1440 299 1498 Ille,
326 1456 466 1501 quem
492 1439 728 1486 beneficio
756 1439 1003 1502 adjungaS,
1031 1455 1087 1485 ex
1115 1439 1273 1484 animo
1300 1438 1446 1485 facit:

195 1522 363 1569 Studet
388 1538 471 1584 par
496 1521 671 1568 referre
691 1538 699 1568 :
736 1537 961 1583 praesens,
981 1521 1245 1581 absensque
1268 1520 1395 1567 idem
1416 1520 1519 1568 erit.

194 1603 305 1650 Hoc
330 1603 534 1665 patrium
560 1611 645 1661 est,
671 1603 830 1664 potius
857 1602 1198 1648 consuefacere
1224 1601 1373 1648 filium

114 1692 166 1732 50
195 1686 294 1731 Sua
321 1694 487 1747 sponte
514 1694 643 1731 recte
670 1685 842 1742 facere,
871 1700 1011 1745 quam
1041 1683 1196 1730 alieno
1222 1692 1365 1731 metu.

195 1767 305 1813 Hoc
330 1775 462 1828 patei·
490 1782 545 1811 ac
571 1765 792 1811 dominus
819 1765 1041 1811 interest:
1082 1765 1173 1810 hoc
1199 1765 1277 1826 qui
1304 1764 1487 1826 nequit,

194 1849 419 1895 Fateatur
446 1848 633 1894 nescire
660 1847 894 1909 imperare
921 1846 1097 1893 liberis.

195 1930 291 1976 Sed
318 1938 450 1975 estne
478 1929 556 1974 hic
601 1929 745 1991 ipsus,
784 1928 842 1974 de
880 1944 974 1989 quo
1019 1928 1254 1990 agebam?
1307 1935 1355 1974 et
1390 1935 1520 1975 certe

397 2011 434 2056 is
471 2020 554 2057 est.

195 2092 377 2138 Nescio
404 2091 515 2152 quid
557 2092 739 2137 tristem
775 2090 945 2136 xedeo:
984 2089 1129 2136 credo
1165 2089 1279 2151 jam,
1306 2098 1357 2136 ut
1381 2088 1518 2148 solet,

117 2181 167 2219 55
195 2173 429 2235 Jurgalnt.
503 2172 694 2218 Salvum
720 2180 767 2218 te
795 2170 1033 2229 advenire,
1061 2170 1259 2230 Demea,

194 2253 484 2301 Gaudemus.
