1648 2738
107 43 174 91 66
497 51 719 88 ANDRIA.
770 52 874 88 AcT.
897 51 941 88 v.
978 51 1107 89 Sem.
1124 52 1161 88 3.

178 176 292 223 Ain'
337 177 566 224 tandem?
640 175 759 223 civis
799 176 1080 239 Glycerium
1120 177 1216 224 'st‘l
1295 176 1396 224 Pa.
1433 176 1510 226 Ita

375 258 653 320 praedicant.

179 339 253 387 Si.
291 345 321 366 “
343 338 420 386 Ita
463 339 730 402 praedicant
751 340 760 386 !
783 341 810 361 ''
883 338 930 386 O
969 339 1217 403 ingentem
1265 339 1511 388 confiden-

127 432 155 471 5
377 420 521 468 tiam!

178 501 315 548 Num
339 501 521 565 cogitat
546 501 660 563 quid
686 501 852 548 dicat?
889 517 1005 548 num
1032 501 1146 548 facti
1169 501 1339 566 piget?

179 582 314 629 Num
339 583 441 646 ejus
466 583 599 630 color
623 583 822 645 pudoris
847 583 1039 646 signum
1064 599 1266 645 usquam
1291 582 1511 632 indicat?

180 665 369 712 Adeon'
398 665 650 727 impotenti
675 680 780 712 esse
806 664 983 723 animo,
1009 673 1077 723 ut,
1102 673 1274 727 praeter
1300 665 1479 712 civium

180 745 371 794 Morem
398 755 538 809 atque
562 746 736 810 legem,
763 754 811 793 et
834 746 909 793 sui
933 746 1228 794 voluntatem
1251 747 1415 809 patris,

105 836 154 876 10
179 827 371 875 Tamen
396 827 522 874 hanc
547 827 724 875 habere
749 828 939 874 studeat
958 843 1069 874 cum
1086 844 1273 875 summo
1296 829 1511 891 probro?

177 908 277 956 Pa.
317 908 401 956 Me
443 909 698 956 miserum!
769 908 841 956 Si.
881 908 1036 956 Hem!
1092 908 1301 957 modone
1342 909 1390 956 id
1434 909 1510 957 de·

376 1006 505 1036 mum
533 990 698 1050 sensti,
723 989 1011 1053 Pamphile?

177 1071 310 1119 Olim
337 1072 478 1131 istuc,
504 1071 637 1131 olim,
664 1087 775 1118 cum
801 1071 866 1118 ita
892 1071 1104 1118 animum
1129 1072 1318 1119 induxti
1341 1081 1497 1133 tuum,

177 1153 330 1204 Quod
355 1169 573 1216 cupereS‚
602 1153 761 1216 aliquo
784 1161 927 1216 pacto
953 1153 1263 1200 efficiundum
1291 1154 1408 1214 tibi3

179 1234 368 1282 Eodem
394 1235 472 1282 die
497 1234 622 1282 istuc
646 1235 845 1282 verbum
870 1250 980 1282 vere
1006 1235 1055 1281 in
1080 1243 1127 1282 te
1154 1235 1346 1284 accidit.

105 1316 155 1356 15
181 1316 279 1363 Sed
315 1316 430 1379 quid
469 1318 596 1380 ego?
634 1332 718 1364 cur
760 1332 837 1364 me
876 1316 1139 1364 excrucio?
1177 1333 1263 1364 cur
1303 1334 1380 1365 me
1419 1334 1509 1366 ma·

380 1414 494 1445 cero
512 1400 531 1445 ’ἔ

181 1479 282 1526 Cur
307 1495 463 1526 meam
480 1488 778 1527 senectutem
798 1478 940 1542 hujus
960 1479 1168 1526 sollicito
1186 1481 1428 1528 amentifi?
1456 1498 1513 1529 an

179 1561 246 1609 Ut
266 1577 354 1624 pro
378 1561 520 1624 hujus
543 1561 757 1624 peccatis
782 1577 873 1624 ego
897 1561 1187 1624 supplicium
1212 1563 1470 1611 sufferam?

181 1643 337 1690 Immo
363 1643 563 1690 habeat:
600 1643 786 1690 valeat:
826 1643 950 1690 vivat
986 1659 1097 1690 cum
1134 1643 1230 1691 illa.
1301 1644 1400 1693 Pa.
1440 1644 1514 1694 Mi

379 1733 513 1787 pater
536 1725 545 1771 !

183 1806 255 1854 Si.
292 1806 431 1857 Quid
469 1806 583 1852 “mi
617 1807 829 1869 pater'l'’
868 1806 1002 1869 quasi
1029 1815 1080 1853 tu
1117 1807 1259 1870 hujus
1295 1807 1513 1872 indigeas

380 1887 541 1950 patris.

108 1972 159 2012 20
184 1969 388 2026 Domus,
415 1984 550 2026 uxor,
576 1967 717 2015 liberi
742 1968 939 2027 inventi,
967 1968 1116 2015 invito
1141 1978 1290 2031 patre.

185 2047 418 2106 Adducti,
446 2048 527 2109 qui
553 2048 681 2094 illam
704 2048 856 2095 civem
883 2048 996 2095 hinc
1024 2049 1201 2096 dicant.
1273 2050 1478 2098 Viceris.

183 2129 283 2177 Pa.
333 2128 491 2187 Pater,
540 2129 718 2177 licetne
773 2131 967 2193 pauca?
1059 2130 1131 2177 Si.
1184 2130 1323 2182 Quid
1381 2132 1514 2180 dices

385 2210 535 2257 mihi?

190 2291 275 2340 Ch.
313 2291 521 2350 Tamen,
544 2292 695 2352 Simo,
720 2292 845 2340 audi.
905 2292 976 2341 Si.
1015 2293 1121 2358 Ego
1149 2294 1372 2343 audiam?
1398 2295 1512 2358 quid

389 2373 596 2433 audiam,
