1648 2738
462 60 682 98 ANDRIA.
734 61 836 96 Aer.
855 60 901 96 v.
935 61 1062 96 scm.
1079 61 1114 96 3.
1447 55 1509 100 65

126 184 226 236 Da.
262 184 409 242 Audi,
443 184 656 230 obsecro.
727 183 824 230 Dr.
860 182 997 233 Quid
1032 182 1138 229 vis?
1207 183 1278 230 Si.
1317 183 1438 229 Sub-

321 265 483 311 limem
507 264 635 310 hunc
661 264 784 310 intro
809 279 937 325 rape,
966 272 1195 325 quantum
1219 271 1370 325 potes·
1461 272 1512 311 20

124 345 220 393 Dr.
254 344 456 395 Quem?
535 344 606 390 Si.
645 344 843 390 Davom.
928 343 1030 390 Da.
1065 343 1436 394 Quamobrem?

319 424 390 472 Si.
424 424 560 475 Quia
604 424 748 471 lubet.
836 424 992 486 Rape,
1041 423 1249 485 inquam.
1333 423 1434 471 Da.

316 505 453 555 Quid
479 505 604 551 feci?
672 504 743 551 Si.
781 504 933 566 Rape.

123 585 225 633 Da.
265 585 317 631 Si
342 585 599 646 quidquam
633 584 846 631 invenies
885 600 961 631 me
1001 584 1268 643 mentitum,
1311 584 1440 631 oeci-

319 665 432 712 dito.
504 664 574 711 Si.
612 663 748 710 Nihil
776 664 932 711 audio.

123 745 231 810 Ego
272 746 368 808 jam
410 754 458 791 te
496 754 788 791 commotum
828 745 1038 793 reddam.
1109 745 1211 793 Da.
1248 744 1438 793 Tamen

320 825 407 872 etsi
434 825 525 871 hoc
549 840 709 871 verum
736 827 843 872 est?
912 826 984 872 Si.
1022 825 1226 873 Tamen.

125 905 257 953 Cura
330 904 665 951 asservandum
722 905 971 963 vinctum3
1043 914 1183 968 atque
1242 906 1436 954 audin'T

320 984 673 1046 quadrupedem
700 986 1031 1048 constringito.

125 1065 233 1128 Age
257 1080 387 1112 nunc
417 1065 541 1126 jam;
579 1080 669 1128 ego
692 1065 771 1127 pol
798 1065 957 1124 hodie,
983 1066 1022 1112 si
1048 1066 1171 1125 vivo,
1197 1067 1285 1114 tibi
1464 1073 1516 1112 25

124 1144 404 1203 Ostendam,
431 1144 595 1191 herum
622 1144 735 1206 quid
759 1144 819 1191 sit
842 1146 1010 1207 pericli
1037 1146 1214 1206 fallere,
1240 1157 1287 1194 et

124 1225 218 1284 Illi,
250 1233 445 1288 patrem.
520 1224 605 1271 Ch.
643 1225 750 1272 Ah!
786 1241 847 1272 ne
884 1226 993 1273 saevi
1035 1235 1295 1290 tantopere.
1366 1228 1438 1277 Si.

320 1304 366 1351 O
391 1305 600 1352 Chreme
620 1305 631 1352 ἒ

124 1385 356 1433 Pietatem
381 1385 539 1448 gnati!
577 1401 737 1432 nonne
761 1394 808 1432 te
834 1386 1025 1433 miseret
1049 1388 1178 1434 mei?

125 1465 339 1513 Tantum
361 1466 572 1512 laborem
598 1482 768 1528 capere
793 1467 855 1512 ob
878 1467 1020 1513 talem
1045 1469 1232 1516 filium?

127 1546 251 1610 Age,
272 1545 544 1608 Pamphile!
583 1546 674 1605 exi,
695 1546 967 1609 Pamphile!
1006 1549 1179 1610 ecquid
1193 1558 1241 1596 te
1258 1550 1441 1613 pudet?
1467 1559 1518 1599 30

625 1765 829 1809 SCENA
860 1766 939 1809 III.

363 1891 671 1938 Pmpmms.
732 1891 874 1938 Simo,
935 1891 1200 1940 CHREMES.

195 2023 291 2070 Pa.
326 2022 459 2071 Qms
502 2038 578 2069 me
618 2022 751 2068 volt?
819 2022 979 2070 Perii!
1032 2033 1166 2086 pater
1208 2034 1292 2072 est.
1367 2027 1439 2076 Si.

322 2102 458 2152 Quid
485 2103 568 2160 ais,
594 2102 805 2148 omnium
843 2140 1047 2151 .....
1068 2106 1087 2151 ’.Ρ
1159 2105 1245 2152 Cla.
1283 2107 1393 2154 Ah!

129 2182 256 2229 Rem
279 2183 436 2243 potius
462 2183 608 2244 ipsam
636 2183 729 2241 dic,
759 2199 813 2228 ac
838 2183 971 2230 mitte
997 2185 1118 2231 male
1142 2185 1286 2247 loqui.

130 2262 199 2310 Si.
235 2262 390 2312 Quasi
433 2263 688 2326 quidquam
732 2262 779 2310 in
819 2263 945 2310 hunc
977 2264 1074 2327 jam
1116 2267 1305 2329 gravius
1342 2267 1440 2315 diei

324 2343 514 2405 possiet.

555 2422 630 2470 6*
