1648 2738
577 412 958 459 TERENTII

465 603 1057 673 ADELPHI.

593 927 938 973 PROLOGUS.

109 1065 383 1117 POSTQUAM
405 1071 549 1129 poeta
573 1068 735 1127 sensit,
762 1069 1043 1130 scripturam
1068 1084 1200 1115 suam

108 1146 186 1193 Ab
212 1146 385 1209 iniquis
411 1148 665 1206 observari,
693 1157 739 1195 et
765 1149 1055 1195 adversarios

107 1226 299 1289 Rapere
323 1228 371 1274 in
395 1229 605 1291 pejorem
629 1238 827 1291 partem,
854 1246 995 1291 quam
1023 1229 1175 1276 acturi
1198 1245 1378 1288 sumus,

106 1306 296 1355 Indicio
322 1309 380 1355 de
405 1325 455 1355 se
480 1309 580 1371 ipse
605 1312 720 1367 erit;
758 1327 840 1357 vos
865 1311 996 1358 eritis
1015 1311 1219 1373 judices,

106 1387 305 1436 Laudin'
335 1406 393 1436 an
418 1390 531 1436 vitio
556 1390 668 1437 duci
694 1391 741 1436 id
767 1391 943 1438 facturn
970 1400 1198 1453 oporteat.
1441 1404 1466 1443 5

105 1471 509 1525 Συναποθνήσκον-τες
531 1470 714 1532 Diphili
740 1471 977 1517 eomoedia
999 1473 1070 1518 ’st.

106 1551 227 1598 Eam
253 1551 663 1597 COMMORIENTES
690 1551 886 1597 Plautus
912 1551 1024 1598 feeit
1049 1551 1267 1598 fabulam.

105 1632 162 1678 In
185 1630 357 1678 Graeefi
384 1630 660 1677 adolescens
683 1639 769 1688 est,
795 1631 876 1692 qui
899 1631 1061 1677 lenoni
1086 1632 1224 1694 eripit

108 1711 430 1770 Meretricem,
479 1711 527 1758 in
583 1710 737 1773 primfi.
796 1711 969 1758 fabula.
1062 1712 1183 1758 Eum
1222 1712 1418 1760 Plautus

298 1791 457 1838 locum

105 1872 322 1933 Reliquit
347 1872 613 1935 integrum:
650 1888 758 1918 eum
785 1872 864 1918 hie
887 1872 1045 1919 locum
1072 1873 1238 1920 sumsit
1261 1874 1352 1920 sibi
1442 1875 1489 1912 10

104 1953 161 2000 In
181 1953 427 2015 Adelphos
445 1970 456 2010 ;
494 1953 688 2000 verbum
709 1953 768 1999 de
784 1953 926 1999 verbo
946 1969 1215 2015 expressum
1234 1955 1413 2002 extulit.

105 2034 224 2080 Eam
249 2049 336 2080 nos
362 2033 511 2080 acturi
535 2049 698 2080 sumus
721 2049 906 2080 novam.
977 2033 1271 2093 Pernoscite,

104 2114 367 2160 Furtumne
393 2114 569 2160 factum
595 2113 906 2173 existumetis,
935 2131 992 2160 an
1016 2114 1174 2161 locum

105 2194 485 2256 Reprehensum,
512 2195 592 2256 qui
617 2194 880 2257 praeteritus
904 2195 1196 2258 negligenti&⁴
1221 2197 1291 2242 ’st.

105 2275 231 2322 Nam
256 2275 381 2336 quod
406 2275 481 2321 isti
509 2276 676 2322 dicunt
701 2275 934 2334 malevoli,
960 2276 1175 2323 homines
1200 2276 1381 2323 nobiles
1435 2289 1486 2329 15

105 2355 228 2403 Eum
255 2355 479 2418 adjutare,
507 2355 788 2418 assidueque
814 2356 909 2402 unzi
933 2356 1169 2414 scribere;

497 2420 572 2469 7*
