1648 2738
445 73 664 110 ANDRIA.
715 74 819 110 Aer.
839 72 908 109 111.
945 72 1070 108 Sem.
1087 72 1122 108 5.
1431 64 1495 111 47

118 197 244 245 Hem
271 197 494 243 astutias!
532 196 658 258 quod
693 196 732 242 si
768 195 1021 257 quffissem,
1047 193 1164 240 nihil
1189 192 1422 240 evenisset

311 278 436 324 mali.
1444 278 1496 317 25

116 357 212 404 Sed
238 373 408 404 eccum
435 358 587 419 ipsum
611 357 749 404 video
771 372 781 403 :
819 355 976 402 occidi
999 355 1010 402 !

113 436 306 484 Utinam
348 438 464 484 mihi
506 446 630 485 esset
671 437 848 499 aliquid
892 435 988 495 hic,
1031 450 1126 498 quo
1171 449 1301 481 nunc
1346 449 1422 482 me

308 519 600 581 praecipitem
624 518 799 565 darem.

623 736 827 780 SCENA
856 736 913 780 V.

491 862 796 910 PAMPfflLUS.
854 862 1039 909 DAVUs.

178 992 278 1040 Pa.
315 993 410 1040 UBI
455 994 553 1040 illic
599 1002 670 1040 est
715 993 886 1052 scelus,
934 993 1014 1054 qui
1060 1008 1136 1039 me
1179 992 1419 1055 perdidit?

308 1075 408 1121 Da.
449 1074 607 1121 Perii!
677 1074 775 1121 Pa.
813 1076 973 1135 Atque
997 1074 1090 1120 hoc
1115 1073 1360 1132 confiteor,

112 1153 229 1201 Jure
264 1155 380 1201 mihi
415 1155 657 1218 obtigisse,
695 1155 884 1216 quando
920 1154 1111 1216 quidem
1145 1163 1242 1200 tam
1277 1154 1419 1214 iners,

307 1244 402 1282 tam
425 1236 543 1282 nulli
567 1235 738 1282 consili

113 1312 242 1362 Sum.
316 1317 510 1362 Servon'
560 1317 772 1363 fortunas
817 1332 948 1362 meas
993 1331 1069 1363 me
1126 1316 1420 1364 commisisse

307 1397 464 1444 futili?

112 1476 242 1540 Ergo
280 1478 484 1539 pretium
525 1478 587 1524 ob
627 1477 874 1524 stultitiam
916 1478 1046 1524 fero:
1093 1478 1175 1524 sed
1217 1478 1418 1525 inultum

305 1574 548 1619 nunquam
573 1558 619 1604 id
646 1557 836 1604 auferet.

113 1637 213 1684 Da.
251 1637 455 1684 Posthac
482 1638 770 1684 incolumem
795 1647 865 1684 sat
889 1638 989 1685 scio
1025 1639 1124 1686 fore
1158 1655 1249 1698 me,
1287 1655 1417 1686 nunc

308 1718 347 1764 si
372 1718 464 1764 hoc
489 1718 645 1765 devito
669 1719 858 1766 malum.
1439 1716 1465 1758 ὁ

111 1798 209 1845 Pa.
246 1798 374 1844 Nam
405 1799 516 1859 quid
553 1815 642 1861 ego
678 1815 807 1845 nunc
843 1799 999 1845 dicam
1032 1800 1190 1862 patri?
1260 1800 1419 1864 Nega-

304 1879 412 1925 bon'
440 1879 559 1925 velle
583 1895 675 1937 me,
701 1879 844 1925 modo

109 1957 213 2009 Qui
237 1974 340 2004 sum
363 1959 620 2020 pollicitus,
649 1959 861 2007 ducere?
930 1960 1024 2021 quei
1059 1960 1233 2007 fiducia
1271 1961 1317 2007 id
1354 1962 1418 2008 fa-

307 2055 415 2086 cere
441 2039 675 2086 audeam?
703 2043 705 2046 '

111 2118 235 2179 Nec,
277 2119 390 2181 quid
430 2136 506 2167 me
545 2136 676 2166 nunc
718 2120 904 2179 faciam,
945 2121 1059 2168 scio.
1152 2122 1254 2168 Da.
1309 2121 1416 2169 Nec

307 2199 419 2261 quid
444 2199 503 2247 de
527 2216 603 2248 me
624 2217 634 2247 :
672 2209 811 2261 atque
836 2200 883 2247 id
909 2217 998 2264 ago
1021 2201 1202 2249 sedulo.

112 2279 300 2340 Dicam,
344 2279 519 2342 aliquid
551 2280 651 2343 jam
690 2280 1005 2339 inventurum,
1047 2290 1100 2329 ut
1139 2282 1252 2329 huic
1291 2282 1416 2329 malo

307 2359 509 2423 aliquam
531 2360 791 2423 producam
816 2377 1008 2408 moram.
