1648 2738
89 55 166 103 88
493 61 751 100 ADELPHI.
802 59 907 97 Aer.
927 58 978 96 11.
1013 58 1143 95 scm.
1165 57 1194 93 1.

175 189 382 236 Minime
408 187 571 247 miror,
612 186 693 249 qui
719 183 929 233 insanire
954 182 1204 245 occipiunt
1227 197 1286 229 ex
1309 179 1497 243 injuria.

174 271 335 319 Domo
352 287 428 317 me
455 268 659 332 eripuit:
684 265 951 314 verberavit
973 282 983 312 2
1022 280 1097 311 me
1117 264 1283 322 invito,
1306 261 1502 309 abduxit

372 367 526 398 meam
547 368 557 398 ;

81 433 149 472 45
174 434 253 481 Ob
279 433 535 481 malefacta
560 432 664 479 haeo
689 429 920 477 tantidem
958 437 1132 474 emtam
1169 425 1378 489 postulat
1413 423 1502 471 sibi

371 515 562 562 tradier.

176 597 379 643 Homini
404 597 579 643 misero
604 595 710 658 plus
735 592 1024 656 quingentos
1049 589 1277 651 colaphos
1313 586 1506 651 infregit

375 677 506 725 mihi.

173 761 358 808 Verum
384 759 529 818 enim,
555 758 747 821 quando
772 757 895 803 bene
919 753 1196 818 promeruit,
1222 751 1331 798 fiat:
1369 766 1506 796 suum

369 842 447 904 jus
471 840 693 903 postulat.

178 924 304 988 Age,
325 922 423 986 jam
450 921 612 984 cupio,
638 921 676 967 si
703 919 846 966 modo
874 926 1122 982 argentum
1159 915 1340 963 reddat.
1412 914 1508 961 Sed

377 1020 469 1067 ego
495 1004 588 1049 hoo
614 1001 822 1048 hariolor
843 1017 854 1058 ;

178 1087 274 1135 Ubi
299 1102 375 1133 me
400 1086 563 1132 dixero
589 1084 702 1131 dare
727 1082 864 1141 tanti,
889 1090 1036 1128 testes
1061 1079 1206 1127 faciet
1231 1078 1377 1137 illico,

102 1175 155 1216 50
179 1167 471 1216 Vendidisse
487 1182 563 1215 me
585 1182 594 1213 :
633 1165 692 1212 de
715 1172 931 1227 argento,
957 1162 1196 1208 somnium
1220 1177 1229 1208 z
1269 1167 1297 1185 “
1318 1159 1436 1206 Mox
1452 1176 1463 1217 ;
1481 1160 1508 1180 ''

381 1255 410 1275 “
430 1265 536 1295 cras
561 1247 709 1294 redi.''

179 1330 236 1378 Id
262 1346 451 1393 quoque
475 1345 667 1391 possum
696 1328 834 1386 ferre,
862 1328 901 1374 si
941 1325 1084 1372 modo
1120 1324 1312 1381 reddat;
1351 1339 1513 1385 quam·

378 1409 772 1474 quaminjurium
798 1411 870 1456 'st.

180 1494 363 1542 Verum
412 1493 574 1556 cogito
622 1492 686 1551 id,
734 1491 861 1553 quod
904 1506 979 1536 res
1016 1497 1088 1535 est
1111 1505 1121 1536 :
1175 1489 1367 1551 quando
1403 1503 1511 1534 eum

380 1584 611 1637 quaestum
637 1573 901 1636 occeperis,

182 1658 494 1722 Accipiunda
545 1666 589 1703 et
649 1655 948 1702 mussitanda
1005 1653 1179 1717 injuria
1237 1652 1513 1700 adolescen-

380 1739 499 1787 tium
525 1740 595 1785 'st.

181 1821 283 1869 'Sed
328 1837 471 1868 nemo
518 1819 650 1866 dabit
672 1836 681 1866 :
742 1819 915 1866 frustra
961 1825 1153 1882 egomet
1199 1832 1390 1864 mecum
1425 1815 1510 1863 has

380 1901 590 1949 rationes
613 1908 743 1964 putO.
