1648 2738
103 72 171 124 90
492 80 750 119 ADELPHI.
801 80 906 117 Ac-r.
925 79 977 116 11.
1013 79 1141 116 Sem.
1157 78 1193 115 2.

182 207 267 255 Sa.
306 207 467 255 Credo
484 206 608 253 istuc
626 205 797 253 melius
813 220 917 251 esse
937 221 946 251 :
973 220 1137 251 verum
1154 218 1245 267 ego
1263 216 1512 264 nunquam

381 289 502 336 adeo
527 296 709 335 astutus
734 287 818 346 fui,

181 371 337 430 Quin,
365 369 597 432 quidquid
621 385 828 432 possem,
854 367 1044 415 mallem
1071 365 1256 413 auferre
1279 364 1439 428 potius
1463 363 1512 411 in

379 451 646 516 praesentia.
1197 457 1200 458 ’

107 543 158 584 15
184 535 271 599 Sy.
312 535 446 598 Age;
484 533 596 580 novi
612 541 746 579 tuum
770 531 981 578 animum
1005 547 1013 577 :
1041 528 1177 592 quasi
1197 528 1296 591 jam
1313 542 1512 589 usquam

382 616 470 663 tibi
495 615 589 662 sint
614 614 784 678 viginti
809 613 969 672 minae,

184 698 313 746 Dum
340 697 454 744 huie
479 698 758 758 obsequare.
830 695 1069 741 Praeterea
1106 701 1264 739 autem
1299 700 1346 739 te
1383 690 1516 737 aiunt

380 778 622 842 proficisci
649 778 876 841 Cyprum.
947 776 1032 822 Sa.
1071 773 1232 821 Hem!

184 862 270 925 Sy.
309 861 578 919 Coemisse,
626 859 741 905 hine
784 874 888 920 quae
931 857 1046 904 illuc
1082 856 1297 914 veheres,
1335 854 1514 902 multa:

382 958 552 989 navem
578 941 886 998 conductam,
913 939 1006 985 hoc
1031 938 1148 984 seio.

185 1025 395 1073 Animus
421 1024 507 1071 tibi
531 1023 746 1087 pendet?
816 1020 911 1068 Ubi
937 1020 1088 1079 illino,
1116 1035 1272 1082 spero,
1298 1017 1516 1076 redieris,

382 1114 543 1153 tamen
569 1104 661 1150 hoc
689 1119 814 1167 ages.

185 1188 271 1235 Sa.
309 1187 563 1249 Nusquam
597 1185 770 1248 pedem
807 1221 817 1232 .
857 1221 866 1232 .
907 1220 916 1230 .
956 1220 965 1230 .
1020 1182 1150 1230 Perii
1193 1182 1386 1229 hercle!
1425 1180 1515 1228 hac

384 1269 452 1316 illi
478 1285 559 1331 spe
579 1268 673 1314 hoo
698 1265 1009 1328 inceperunt!
1082 1265 1168 1327 Sy.
1206 1264 1399 1310 Timet:

108 1364 161 1405 20
185 1350 339 1415 Injeoi
365 1349 645 1412 scrupulum
682 1347 880 1394 homini.
952 1345 1036 1393 Sa.
1075 1345 1121 1392 O
1146 1345 1359 1392 scelera!
1400 1344 1515 1392 illud

384 1432 511 1491 vide,

185 1514 250 1562 Ut
276 1514 323 1562 in
351 1514 454 1576 ipso
481 1512 684 1560 articulo
708 1510 944 1574 oppressit
965 1512 974 1558 !
1014 1518 1153 1557 emtae
1179 1508 1406 1555 mulieres

186 1596 504 1659 Complures;
553 1603 601 1641 et
640 1594 753 1641 item
795 1592 909 1639 hinc
954 1592 1061 1651 alia,
1102 1607 1206 1653 quae
1246 1598 1386 1653 porto
1426 1589 1497 1652 Cy

383 1693 536 1740 prum.

185 1759 297 1807 Nisi
345 1775 403 1806 eo
452 1758 510 1805 ad
556 1768 820 1804 mercatum
867 1757 1025 1813 venio,
1073 1754 1300 1800 damnum
1359 1768 1518 1800 maxu-

387 1857 517 1887 mum
544 1841 615 1887 ’st.

187 1922 337 1970 Nunc
384 1922 423 1969 si
471 1922 565 1968 hoo
612 1920 798 1979 omitto,
840 1928 999 1966 aetum
1044 1934 1213 1981 agam:
1263 1916 1346 1963 ubi
1384 1916 1518 1963 illinc

387 2003 590 2062 rediero,

111 2085 324 2144 25Nihil
384 2093 489 2142 est;
560 2083 798 2130 refrixerit
866 2099 977 2129 res:
1049 2079 1254 2127 “Nunc
1324 2079 1517 2126 demum

384 2166 602 2213 venis?''

189 2249 341 2298 “Cur
387 2249 638 2311 passus?’'
701 2247 835 2294 “ubi
893 2245 1081 2293 eras?'’
1144 2252 1195 2291 ut
1252 2242 1313 2290 sit
1370 2241 1518 2290 satius

384 2330 600 2394 perdere,
