1648 2738
121 53 200 102 68
528 61 764 98 -ANDR1A.
817 61 921 98 Aer.
940 60 987 97 v.
1021 61 1150 97 scm.
1167 59 1203 97 4.

212 187 300 234 Oh,
338 186 579 233 Andrium
605 202 695 250 ego
720 185 969 233 Critonem
996 185 1174 232 video?
1211 193 1342 232 certe
1374 185 1414 232 is
1449 194 1535 233 est.

411 267 494 315 Cr.
534 268 702 314 Salvos
727 267 807 326 sis,
834 267 1058 314 Chreme.

211 350 299 398 Gk.
334 350 472 401 Quid
513 358 566 396 tu
609 349 844 407 Athenas,
887 348 1137 395 insolens?
1227 347 1307 395 Cr.
1347 347 1536 395 Evenit.

407 431 503 478 Sed
530 431 724 477 hiccine
748 431 808 476 ’st
834 430 1008 477 Simo?

156 522 181 561 5
211 513 295 561 Cli.
334 512 447 560 Hic.
520 512 592 560 Si.
630 512 762 559 Men'
786 511 992 573 quaeris'?
1029 511 1148 558 eho!
1187 521 1236 558 tu
1257 510 1536 574 Glycerium

406 593 521 640 hinc
546 593 699 640 civem
725 608 829 639 esse
857 592 959 639 ais?

210 679 292 726 C'r.
329 677 409 726 Tu
436 678 624 741 negas?
694 676 766 723 Si.
804 676 943 723 Itane
969 677 1065 723 huc
1088 685 1283 739 paratus
1305 674 1537 722 advenis?

408 759 490 806 C'r.
526 758 646 809 Qua
671 758 730 804 de
755 759 843 805 re?
914 757 985 805 Si.
1024 757 1227 821 Rogas?

206 841 352 889 Tune
377 841 574 903 impune
598 840 703 887 haec
728 839 913 886 facias?
949 848 1064 886 tune
1089 839 1169 885 hic
1190 839 1409 886 homines
1432 837 1540 885 ado-

402 921 711 981 lescentulos‚

205 1003 460 1067 Imperitos
508 1019 684 1062 rerum,
733 1002 934 1050 eductos
979 1002 1146 1061 libere,
1208 1001 1257 1048 in
1321 1001 1539 1048 fraudem

406 1085 550 1132 illicis
567 1086 587 1132 ’ἱ

207 1166 526 1214 Sollicitando
552 1175 598 1213 et
622 1165 938 1229 pollicitando
958 1181 1125 1212 eorum
1149 1165 1334 1211 animos
1353 1164 1539 1212 lactas?

408 1247 489 1295 Cr.
530 1248 752 1294 Sanusne
777 1249 862 1294 es?

131 1343 182 1383 10
206 1330 279 1377 Si.
317 1331 394 1377 Ac
419 1329 720 1376 meretricios
747 1345 932 1376 amores
955 1328 1135 1391 nuptiis
1160 1328 1507 1392 conglutinas?

205 1412 305 1459 Pa.
343 1411 504 1458 Perii!
545 1419 722 1469 metuo,
766 1419 818 1457 ut
855 1411 1037 1457 substet
1080 1410 1266 1472 hospes.
1342 1408 1428 1456 Cla.
1468 1410 1539 1468 Si,

405 1492 558 1550 Simo,
585 1492 714 1538 hunc
739 1490 872 1538 noris
897 1492 1030 1550 satis,

207 1574 322 1622 Non
359 1573 426 1621 ita
464 1574 723 1620 arbitrere:
762 1573 918 1619 bonus
953 1581 1024 1619 est
1060 1573 1140 1619 hic
1175 1573 1258 1620 vir.
1330 1572 1402 1620 Si.
1441 1571 1558 1619 Hicv

404 1655 474 1702 vir
499 1654 559 1702 sit
587 1655 775 1702 bonus?

207 1737 345 1785 Itane
371 1745 679 1799 attemperate
703 1736 833 1784 venit
858 1735 1002 1783 hodie
1027 1735 1077 1782 in
1103 1735 1218 1797 ipsis
1240 1735 1438 1798 nuptiis,

207 1818 273 1866 Ut
308 1819 492 1866 veniret
540 1818 743 1865 antehac
784 1818 1068 1880 nunquam?
1151 1817 1239 1863 Est
1274 1833 1389 1863 vero
1424 1816 1539 1863 huic

407 1900 719 1958 credendum,
746 1899 991 1946 Chreme?

137 1989 185 2030 15
209 1981 309 2028 Pa.
347 1980 415 2027 Ni
441 1989 648 2027 metuam
673 1989 874 2043 patrem,
902 1980 1057 2026 habeo
1096 1995 1184 2042 pro
1210 1979 1291 2025 illa
1316 1995 1367 2025 re
1404 1978 1538 2026 illum

409 2062 535 2124 quod
562 2078 782 2109 moneam
808 2062 972 2124 probe.

212 2145 282 2192 Si.
333 2143 666 2207 Sycophanta!
742 2143 822 2190 C'r.
880 2143 1035 2189 Hem!
1111 2142 1196 2189 Ch.
1243 2142 1341 2200 Sic,
1382 2142 1537 2201 Crito,

410 2232 480 2270 est
503 2224 614 2271 hic:
651 2224 800 2272 mitte.
876 2224 957 2271 C'r.
996 2223 1188 2282 Videat,
1216 2222 1297 2284 qui
1322 2223 1425 2270 siet.

215 2306 268 2354 Si
309 2305 423 2353 mihi
461 2305 632 2368 pergit,
677 2322 780 2367 quae
818 2305 930 2364 volt,
968 2305 1161 2363 dicere3
1200 2321 1273 2364 ea,
1299 2321 1403 2367 quae
1440 2320 1537 2351 non

410 2386 522 2446 volt,
550 2387 723 2434 audiet.
