1648 2738
407 114 628 153 ANDRIA.
679 114 781 151 Aer.
801 112 873 150 111.
905 111 1034 149 scm«.
1050 111 1086 148 2.
1396 93 1462 149 39

586 309 791 354 SCENA
824 308 882 352 ΙΙ.

419 436 623 483 Lusum.
673 436 816 481 SIMO.
862 433 1048 480 DAvus.

145 571 229 618 Le.
269 569 470 627 Ammo,
508 567 736 625 Archihs,
773 582 876 627 quae
927 562 1149 621 assolent,
1191 575 1390 624 quaeque

273 658 460 711 oportet

80 731 230 793 Signa
253 745 356 776 esse
382 728 439 775 ad
464 728 680 785 salutem,
707 726 868 773 omnia
892 724 1005 771 huie
1030 739 1133 771 esse
1157 722 1310 769 video.

79 809 127 857 N
132 825 226 856 une
248 809 453 871 primum
479 808 570 866 fac,
596 807 760 853 isthaeo
786 814 837 853 ut
860 806 1011 852 lavet:
1047 812 1155 866 post
1178 801 1369 861 deinde,

77 890 228 940 Quod
278 889 397 951 jussi
437 888 482 935 ei
523 888 636 934 dare
678 887 858 944 bibere,
898 894 946 932 et
986 893 1214 947 quantum
1248 883 1394 945 impe-

273 969 389 1028 ravi,

78 1050 203 1097 Date
222 1067 233 1097 :
271 1065 382 1096 mox
405 1063 495 1112 ego
520 1048 615 1094 hue
638 1055 861 1094 revertor,
1417 1054 1444 1093 5

79 1130 170 1178 Per
194 1138 380 1177 ecastor
405 1129 554 1176 scitus
577 1143 693 1190 puer
719 1136 789 1174 est
812 1139 951 1173 natus
975 1124 1239 1187 Pamphilo.

80 1210 211 1258 Deos
235 1225 413 1272 quaeso,
438 1218 491 1256 ut
514 1209 575 1255 sit
599 1216 853 1270 supersteS,
878 1205 1263 1269 quandoquidem
1296 1204 1396 1267 ipse

277 1299 348 1337 est
372 1289 566 1353 ingenio
591 1290 745 1346 bono;

81 1370 301 1432 Cumque
348 1370 460 1417 huie
506 1369 683 1416 veritus
727 1376 799 1415 est
843 1375 1049 1430 optumae
1105 1365 1396 1413 adolescenti

279 1451 437 1498 facere
462 1450 697 1512 injuriam.

82 1531 153 1579 Si.
190 1531 281 1579 Vel
318 1531 410 1577 hoc
442 1531 547 1592 quis
571 1545 667 1576 non
693 1529 872 1586 credat,
898 1527 977 1589 qui
1002 1526 1129 1573 norit
1153 1534 1216 1585 te,
1244 1526 1326 1573 abs
1349 1534 1398 1574 te

279 1626 383 1658 esse
407 1611 596 1657 ortum&
666 1609 768 1656 Da.
803 1608 1052 1658 Quidnam
1079 1607 1127 1653 id
1152 1608 1258 1654 est?

85 1691 157 1739 Si.
195 1691 308 1738 Non
334 1691 596 1753 imperabat
620 1705 798 1747 coram,
825 1688 937 1750 quid
963 1704 1081 1750 opus
1106 1687 1232 1734 facto
1256 1695 1396 1747 esset,

278 1787 520 1834 puerpera}
543 1787 552 1816 ἰ
1423 1790 1473 1831 10

84 1851 197 1910 Sed,
221 1860 472 1913 postquam
507 1866 698 1914 egressa
732 1859 817 1908 est,
845 1849 937 1895 illis
972 1865 1076 1910 quae
1112 1856 1222 1895 sunt
1253 1848 1396 1907 intus,

281 1932 454 1978 clamat
477 1931 536 1978 de
559 1931 650 1978 via.

83 2011 130 2059 O
153 2012 317 2059 Dave!
355 2012 466 2058 itan'
494 2021 773 2059 contemnor
801 2011 882 2057 abs
905 2011 989 2057 te?
1027 2018 1106 2056 aut
1141 2009 1268 2056 itane
1298 2018 1399 2056 tan-

281 2092 389 2139 dem
414 2092 614 2138 idoneus

85 2172 203 2219 Tibi
226 2172 388 2219 videor
408 2188 528 2231 esse,
549 2188 689 2233 quem
708 2180 802 2218 tam
825 2180 983 2232 aperte
1009 2171 1170 2218 fallere
1196 2170 1398 2232 inciplas

284 2253 437 2299 dolis'!

87 2334 267 2380 Saltem
314 2342 551 2392 accurate,
598 2342 650 2379 ut
695 2332 842 2379 metui
886 2332 1058 2379 videar.
1152 2331 1311 2390 Certe,
1357 2330 1398 2377 si

283 2413 555 2461 resciverim
590 2448 798 2461 .....
