1648 2738
422 106 662 144 ADELPH1
726 106 828 142 Aer.
848 104 879 141 1.
913 105 1040 142 Sem.
1058 105 1094 141 ε.
1416 93 1483 141 83

108 232 295 278 Vestem
316 232 334 278 ’.Ρ
368 231 663 276 resarcietur.
729 229 831 286 Est,
856 227 946 274 Dis
970 227 1152 290 gratia!

104 312 165 359 Et
188 311 313 358 unde
339 311 440 357 haec
464 311 607 368 fiant3
644 318 691 356 et
717 310 870 356 adhuc
895 324 990 355 non
1016 307 1213 354 molesta
1237 314 1360 353 sunt.

103 393 363 450 Postrem0‚
384 401 461 438 aut
485 391 664 449 desine,
693 399 771 436 aut
787 389 908 436 cedo
924 388 1135 450 quemvis
1152 387 1376 434 arbitrum
1392 401 1403 443 3

103 472 180 520 Te
202 473 336 535 plura
361 473 407 518 in
433 472 523 518 hac
548 487 596 518 re
618 476 821 533 peccare
846 469 1107 516 ostendam.
1179 468 1272 514 De.
1310 465 1406 513 Hei

300 553 413 599 mihi
434 553 444 599 ἔ

106 635 244 682 Pater
268 650 370 681 esse
394 634 524 680 disce
550 633 607 679 ab
633 632 752 691 aliis,
776 631 853 694 qui
880 647 987 678 vere
1011 630 1181 677 sciunt.
1435 631 1488 671 45

106 715 194 762 Mi.
231 715 279 761 N
285 714 415 761 atursi
439 723 487 760 tu
514 714 581 759 illi
604 722 736 775 pater
761 729 826 771 es,
853 711 1065 758 consiliis
1090 726 1193 773 ego.

107 796 198 843 De.
245 795 373 842 Tun’
422 794 632 840 consulis
677 793 931 854 quidquam
956 793 975 838 ’ἒ
1064 791 1152 837 Mi.
1207 789 1315 835 Ah!
1374 788 1412 834 si

299 875 472 937 pergis,
500 874 673 920 abiero.

108 956 200 1004 De.
239 955 434 1002 Siccine
460 955 596 1017 agis?
665 953 753 1000 Mi.
792 953 871 998 An
892 968 981 1015 ego
999 951 1140 997 toties
1164 951 1223 997 de
1243 949 1411 996 eadem

301 1052 352 1083 re
378 1035 563 1082 audiam
581 1036 601 1081 ’ἕ

110 1118 201 1165 De.
238 1117 378 1164 Curae
424 1124 494 1163 est
538 1114 667 1161 mihi.
750 1112 840 1160 lm.
883 1112 946 1158 Et
989 1111 1103 1158 mihi
1145 1126 1269 1157 curae
1312 1118 1382 1156 est
1404 1124 1413 1155 :

302 1213 480 1255 verum,
505 1196 703 1253 Demea,

109 1279 344 1326 Curemus
369 1293 548 1338 aequam
574 1284 770 1337 uterque
792 1283 971 1336 partem
997 1289 1006 1319 z
1042 1281 1093 1318 tu
1120 1271 1334 1329 alterum,
1442 1276 1495 1317 50

109 1360 216 1423 Ego
252 1360 362 1406 item
402 1358 598 1404 alterum
623 1373 631 1402 :
682 1371 791 1402 nam
831 1355 994 1401 ambos
1033 1368 1216 1410 curare,
1251 1366 1420 1413 prope-

306 1441 497 1487 modum

111 1523 388 1585 Reposcere
429 1520 560 1566 illum
598 1527 685 1576 est,
724 1532 862 1578 quem
905 1515 1090 1563 dedisti.
1177 1514 1271 1560 De.
1308 1513 1387 1559 Ah
1408 1512 1419 1559 !

308 1600 490 1647 Micio!

113 1683 201 1731 Mi.
241 1680 362 1728 Mihi
398 1680 468 1726 sic
492 1679 688 1725 videtur.
760 1677 852 1723 De.
888 1676 1023 1726 Quid
1064 1675 1224 1721 istuc?
1260 1673 1346 1720 tibi
1382 1671 1421 1719 si

311 1762 433 1808 istuc
456 1759 627 1822 piacet,

114 1843 389 1900 Profundat,
413 1840 595 1903 perdat,
620 1846 780 1901 pereat
801 1838 811 1884 ἒ
848 1836 965 1883 nihil
993 1835 1050 1882 ad
1075 1851 1148 1881 me
1176 1834 1355 1881 attinet.

115 1924 223 1972 Jan.
247 1923 287 1970 si
311 1923 502 1968 verbum
520 1935 667 1966 unum
690 1919 889 1980 posthac
915 1954 923 1963 .
953 1954 961 1963 .
990 1954 998 1962 .
1028 1953 1036 1962 .
1064 1915 1153 1962 Mi.
1190 1915 1422 1973 Rursum,

310 2003 508 2060 Demea,
692 2060 694 2063 .
1449 2005 1501 2044 55

117 2085 364 2133 Irascere?
434 2083 525 2129 De.
564 2082 643 2127 An
679 2096 774 2127 non
811 2077 965 2124 credis
983 2078 1002 2123 ’ἶ
1037 2077 1246 2139 repeton'
1285 2091 1426 2137 quem

315 2164 457 2211 dedi'!

121 2246 381 2311 AEgre'st:
435 2243 615 2290 alienus
655 2257 751 2288 non
792 2255 910 2286 sum.
982 2237 1033 2285 Si
1080 2238 1247 2284 obsto:
1285 2234 1425 2283 hem!

316 2324 495 2372 desino.

122 2405 281 2458 Unum
303 2406 374 2453 vis
398 2419 559 2452 curem
578 2420 590 2462 ς
628 2417 771 2450 curo:
809 2409 855 2448 et
879 2408 949 2447 est
972 2398 1061 2446 Dis
1085 2397 1255 2462 gratia.
