1648 2738
457 75 708 111 ADELPHI.
759 75 861 111 Aer.
881 75 911 111 1.
948 75 1074 111 scm.
1095 75 1126 111 1.
1449 69 1512 115 79

132 199 194 247 Et
240 199 411 261 quibus
456 215 585 244 nunc
631 198 861 244 sollicitor
906 199 1048 244 rebus
1069 198 1079 244 !
1138 214 1198 244 ne
1247 206 1326 244 aut
1361 198 1440 245 ille

328 279 500 337 alserit,

132 361 231 406 Aut
255 360 437 421 uspiam
463 359 707 416 ceciderit,
735 367 813 405 aut
836 359 1116 421 perfregerit

131 440 342 502 Aliquid.
413 440 551 486 Vah!
601 455 945 501 quemquamne
980 439 1220 485 hominem
1257 438 1306 485 in
1343 438 1440 485 ani-

325 537 455 566 mum
480 520 742 578 instituere,
770 528 849 565 aut

131 601 319 660 Parare,
345 601 472 662 quod
497 601 556 647 sit
581 601 752 658 carius,
779 616 916 661 quarn
943 600 1042 662 ipse
1067 608 1137 646 est
1160 600 1286 646 sibi'?

131 681 279 743 Atqui
304 697 361 728 ex
385 697 459 728 me
484 681 562 726 hio
587 697 683 726 non
706 671 844 727 natus
869 689 954 739 est,
980 680 1062 726 sed
1097 697 1155 726 ex
1190 681 1330 727 fratre
1353 697 1362 727 ε
1400 680 1440 727 is

326 762 444 808 adeo
1463 767 1513 806 15

130 841 362 887 Dissimili
387 841 544 887 studio
568 849 653 899 est,
675 841 772 903 jam
796 840 906 887 inde
933 842 990 886 ab
1016 841 1349 888 adolescentia.

130 921 236 984 Ego
291 921 414 967 hanc
462 922 744 968 clementem
791 921 933 967 vitam
989 922 1235 981 urbanam,
1301 931 1440 984 atque

324 1002 473 1047 otium

130 1082 335 1129 Secutus
360 1098 462 1128 sum
484 1099 494 1139 ;
533 1091 594 1141 et,
621 1082 747 1143 quod
775 1082 1062 1128 fortunatum
1089 1082 1166 1129 isti
1189 1091 1373 1144 putant,

128 1163 336 1210 Uxorem
396 1180 638 1225 nunquam
696 1163 853 1210 habui.
952 1162 1040 1210 Ille
1098 1172 1279 1222 contra,
1338 1164 1440 1210 haec

323 1244 512 1290 omnia:
674 1236 684 1244 ⁷

129 1323 254 1370 Ruri
281 1340 419 1387 agere
444 1324 582 1370 vitam
606 1342 615 1381 ;
655 1338 837 1386 semper
860 1341 1003 1386 parce
1030 1341 1084 1371 ac
1110 1325 1288 1371 duriter
1462 1335 1514 1374 20

130 1405 194 1451 Se
218 1404 392 1451 habere
412 1422 422 1461 ;
461 1421 655 1451 uxorem
681 1405 814 1451 duxit
837 1421 847 1452 t
886 1405 985 1451 nati
1009 1405 1092 1451 filii

129 1484 271 1531 Duo:
309 1485 419 1531 inde
445 1501 534 1547 ego
560 1485 686 1530 hunc
714 1486 937 1547 majorem
964 1485 1180 1547 adoptavi
1205 1485 1350 1531 mihi:

129 1564 288 1610 Eduxi
314 1581 340 1611 a
361 1565 583 1627 parvulo:
621 1565 781 1623 habui,
809 1566 959 1611 amavi
983 1581 1068 1627 pro
1093 1581 1200 1611 meo
1221 1582 1231 1612 :

130 1644 188 1691 In
213 1660 270 1691 eo
296 1661 370 1691 me
394 1645 610 1691 oblecto:
647 1645 799 1691 solum
825 1645 871 1691 id
897 1654 965 1692 est
991 1662 1153 1692 earum
1178 1646 1308 1693 mihi.

129 1725 216 1771 Ille
240 1733 291 1771 ut
316 1725 427 1771 item
453 1735 619 1771 contra
643 1742 718 1772 me
742 1726 928 1783 habeat,
956 1726 1081 1772 facio
1105 1726 1269 1772 sedulo
1291 1743 1300 1773 :
1463 1732 1515 1771 23

129 1805 223 1864 ΒΟ,
247 1807 553 1868 praetermitto
577 1823 584 1852 :
623 1823 717 1852 non
742 1823 938 1853 necesse
963 1807 1115 1852 habeo
1139 1807 1300 1853 omnia

128 1886 223 1932 Pro
248 1902 353 1933 meo
374 1887 479 1948 jure
506 1903 657 1949 agere.
727 1887 991 1945 PostremO,
1019 1887 1096 1933 alii
1122 1888 1391 1935 clanculum
1428 1934 1429 1937 ,

128 1966 293 2013 Patres
319 1984 421 2027 quae
448 1968 643 2025 faciunt,
671 1984 773 2028 quae
801 1968 889 2013 fert
915 1968 1250 2027 adolescentia,

129 2047 202 2093 Ea
225 2064 284 2093 ne
310 2065 384 2094 me
411 2049 548 2106 celet,
576 2049 850 2094 consuefeci
875 2049 1036 2095 filium.

128 2127 256 2173 Nam
281 2128 360 2189 qui
386 2129 590 2186 mentiri,
619 2138 696 2174 aut
722 2129 881 2175 fallere
907 2129 1107 2177 insuerit
1129 2140 1327 2192 patrem,
1461 2146 1511 2184 30

131 2208 230 2254 Aut
257 2208 463 2266 audebit,
488 2217 620 2255 tanto
647 2209 797 2271 magis
825 2210 1015 2256 audebit
1040 2220 1238 2258 ceteros.

130 2287 317 2335 Pudore
342 2302 387 2334 et
409 2289 689 2336 liberalitate
713 2290 886 2335 liberos

129 2366 360 2416 Retinere
385 2369 530 2416 satius
556 2385 658 2416 esse
684 2370 843 2429 cred0‚
869 2387 1008 2433 quam
1034 2380 1174 2419 metu.
