1648 2738
631 438 1011 484 TERENTII

534 629 1058 692 ANDRIA

646 971 994 1016 PROLOGUS.

161 1116 349 1176 Pofim,
398 1131 506 1162 oum
551 1113 757 1177 primum
805 1112 1013 1159 animum
1062 1110 1119 1158 ad
1165 1108 1473 1158 scribendum

359 1195 553 1259 appulit,

162 1277 218 1324 Id
242 1278 331 1324 sibi
355 1276 517 1340 negoti
543 1275 744 1322 credidit
768 1274 920 1321 solum
946 1273 1063 1332 dari,

161 1358 344 1421 Populo
368 1366 419 1404 ut
440 1357 700 1419 placerent,
726 1372 843 1417 quas
868 1355 1056 1401 fecisset
1083 1353 1277 1401 fabulas.

161 1440 341 1486 Verum
367 1439 499 1485 aliter
525 1437 714 1485 evenire
739 1436 888 1482 multo
914 1435 1162 1498 intelligit:

160 1519 286 1567 Nam
312 1520 359 1566 in
383 1518 592 1581 prologis
616 1516 885 1563 scribundis
910 1531 1103 1577 operam
1129 1514 1364 1561 abutitur:
1497 1518 1524 1559 5

163 1600 273 1646 Non
298 1599 378 1661 qui
405 1607 730 1661 argumentum
758 1605 930 1653 narret,
957 1595 1037 1641 sed
1064 1595 1143 1656 qui
1170 1595 1388 1642 malevoli

160 1680 348 1727 Veteris
371 1683 526 1742 poetae
551 1677 817 1724 maledictis
842 1676 1138 1737 respondeat.

159 1760 321 1818 Nunc,
348 1775 488 1821 quam
523 1775 621 1804 rem
657 1757 771 1803 vitio
797 1757 925 1814 dent,
951 1772 1125 1817 quaeso,
1154 1756 1362 1802 animum
1391 1755 1470 1802 ad-

354 1839 536 1886 vortite.

159 1920 424 1967 Menander
450 1919 562 1965 feeit
587 1917 822 1964 Andriam
847 1925 893 1963 et
916 1916 1218 1962 Perinthiam
1234 1932 1251 1961 :

156 2001 260 2051 Qui
286 2000 509 2046 utramvis
533 2007 660 2044 reete
684 1996 824 2055 norit,
854 1997 1013 2042 ambas
1038 1996 1231 2043 noverit.
1499 2014 1548 2055 10

158 2082 272 2128 Non
297 2081 362 2127 ita
387 2079 603 2126 dissimili
629 2086 737 2124 sunt
763 2086 1057 2139 argumentO,
1084 2077 1164 2123 sed
1191 2085 1348 2123 tamen

158 2161 391 2209 Dissimili
415 2160 630 2206 oratione
657 2168 764 2204 sunt
790 2158 942 2214 faetae,
970 2173 1025 2203 ac
1049 2158 1170 2204 stilo.

156 2242 283 2292 Quoe
308 2239 592 2298 convenere,
619 2239 664 2284 in
692 2238 923 2283 Andriam
947 2254 1005 2283 ex
1029 2237 1275 2283 Perinthia

159 2322 352 2368 Fatetur
377 2320 685 2376 transtulisse,
715 2328 853 2379 atque
879 2334 1014 2363 usum
1039 2334 1123 2379 pro
1149 2318 1259 2364 suis.

157 2400 212 2447 Id
238 2400 314 2447 isti
339 2400 604 2462 vituperant
640 2398 844 2454 factum;
883 2406 1021 2457 atque
1047 2397 1094 2442 in
1121 2412 1178 2442 eo
1210 2396 1466 2458 disputant,
1498 2411 1548 2450 15
