<?xml version="1.0" encoding="UTF-8"?>
<!DOCTYPE html PUBLIC "-//W3C//DTD XHTML 1.0 Transitional//EN"
    "http://www.w3.org/TR/xhtml1/DTD/xhtml1-transitional.dtd">
<html xmlns="http://www.w3.org/1999/xhtml" xml:lang="en" lang="en">
 <head>
  <title>
</title>
<meta http-equiv="Content-Type" content="text/html;charset=utf-8" />
  <meta name='ocr-system' content='tesseract 3.04.00' />
  <meta name='ocr-capabilities' content='ocr_page ocr_carea ocr_par ocr_line ocrx_word'/>
</head>
<body>
  <div class='ocr_page' id='page_1' title='image "andriaadelphique00tere_0060.png"; bbox 0 0 1648 2738; ppageno 0'>
   <div class='ocr_carea' id='block_1_1' title="bbox 106 53 1185 115">
    <p class='ocr_par' dir='ltr' id='par_1_1' title="bbox 106 53 1185 115">
     <span class='ocr_line' id='line_1_1' title="bbox 106 53 1185 115; baseline -0.003 0"><span class='ocrx_word' id='word_1_1' title='bbox 106 67 173 115; x_wconf 84' lang='lat'>54</span> <span class='ocrx_word' id='word_1_2' title='bbox 503 76 726 114; x_wconf 84' lang='lat' dir='ltr'>ANDRIA.</span> <span class='ocrx_word' id='word_1_3' title='bbox 762 64 882 114; x_wconf 70' lang='grc' dir='ltr'><em>Ἀστ.</em></span> <span class='ocrx_word' id='word_1_4' title='bbox 901 76 969 113; x_wconf 88' lang='lat' dir='ltr'>1v.</span> <span class='ocrx_word' id='word_1_5' title='bbox 1004 77 1131 113; x_wconf 68' lang='lat' dir='ltr'>scm.</span> <span class='ocrx_word' id='word_1_6' title='bbox 1149 53 1185 112; x_wconf 41' lang='lat'>2⁷.</span> 
     </span>
    </p>
   </div>
   <div class='ocr_carea' id='block_1_2' title="bbox 104 199 1517 2381">
    <p class='ocr_par' dir='ltr' id='par_1_2' title="bbox 104 199 1506 330">
     <span class='ocr_line' id='line_1_2' title="bbox 104 199 1506 265; baseline -0.001 -16"><span class='ocrx_word' id='word_1_7' title='bbox 104 208 157 249; x_wconf 77' lang='lat'>20</span> <span class='ocrx_word' id='word_1_8' title='bbox 182 199 280 248; x_wconf 78' lang='lat' dir='ltr'>Pa.</span> <span class='ocrx_word' id='word_1_9' title='bbox 320 201 436 247; x_wconf 82' lang='lat' dir='ltr'>Soio</span> <span class='ocrx_word' id='word_1_10' title='bbox 461 200 576 263; x_wconf 89' lang='lat' dir='ltr'>quid</span> <span class='ocrx_word' id='word_1_11' title='bbox 601 217 790 256; x_wconf 85' lang='lat' dir='ltr'>conere.</span> <span class='ocrx_word' id='word_1_12' title='bbox 862 201 966 248; x_wconf 87' lang='lat' dir='ltr'>Da.</span> <span class='ocrx_word' id='word_1_13' title='bbox 1003 201 1115 248; x_wconf 80' lang='lat' dir='ltr'>Hoc</span> <span class='ocrx_word' id='word_1_14' title='bbox 1151 217 1242 265; x_wconf 85' lang='lat' dir='ltr'>ego</span> <span class='ocrx_word' id='word_1_15' title='bbox 1279 200 1365 247; x_wconf 90' lang='lat' dir='ltr'>tibi</span> <span class='ocrx_word' id='word_1_16' title='bbox 1399 216 1506 264; x_wconf 81' lang='lat' dir='ltr'>pro-</span> 
     </span>
     <span class='ocr_line' id='line_1_3' title="bbox 381 283 988 330; baseline 0.002 -1"><span class='ocrx_word' id='word_1_17' title='bbox 381 283 508 329; x_wconf 82' lang='lat' dir='ltr'>fecto</span> <span class='ocrx_word' id='word_1_18' title='bbox 534 283 758 330; x_wconf 81' lang='lat' dir='ltr'>effectum</span> <span class='ocrx_word' id='word_1_19' title='bbox 777 283 988 330; x_wconf 82' lang='lat' dir='ltr'><strong>reddam.</strong></span> 
     </span>
    </p>

    <p class='ocr_par' dir='ltr' id='par_1_3' title="bbox 181 350 1509 574">
     <span class='ocr_line' id='line_1_4' title="bbox 181 350 1504 426; baseline 0 -16"><span class='ocrx_word' id='word_1_20' title='bbox 181 363 282 410; x_wconf 78' lang='lat' dir='ltr'>Pa.</span> <span class='ocrx_word' id='word_1_21' title='bbox 320 362 429 409; x_wconf 84' lang='lat' dir='ltr'>Jam</span> <span class='ocrx_word' id='word_1_22' title='bbox 455 363 548 409; x_wconf 83' lang='lat' dir='ltr'>hoo</span> <span class='ocrx_word' id='word_1_23' title='bbox 572 379 692 425; x_wconf 87' lang='lat' dir='ltr'>opus</span> <span class='ocrx_word' id='word_1_24' title='bbox 728 350 812 410; x_wconf 82' lang='lat' dir='ltr'>est.</span> <span class='ocrx_word' id='word_1_25' title='bbox 883 363 985 410; x_wconf 85' lang='lat' dir='ltr'>Da.</span> <span class='ocrx_word' id='word_1_26' title='bbox 1022 363 1161 413; x_wconf 78' lang='lat' dir='ltr'>Quin</span> <span class='ocrx_word' id='word_1_27' title='bbox 1197 363 1295 426; x_wconf 83' lang='lat' dir='ltr'>jam</span> <span class='ocrx_word' id='word_1_28' title='bbox 1336 363 1504 410; x_wconf 77' lang='lat' dir='ltr'>habeo·</span> 
     </span>
     <span class='ocr_line' id='line_1_5' title="bbox 384 443 1509 504; baseline -0.001 -13"><span class='ocrx_word' id='word_1_29' title='bbox 384 444 470 492; x_wconf 76' lang='lat' dir='ltr'>Ch.</span> <span class='ocrx_word' id='word_1_30' title='bbox 507 445 645 495; x_wconf 74' lang='lat' dir='ltr'>Quid</span> <span class='ocrx_word' id='word_1_31' title='bbox 671 446 778 492; x_wconf 62' lang='lat' dir='ltr'>est?</span> <span class='ocrx_word' id='word_1_32' title='bbox 847 444 950 491; x_wconf 81' lang='lat' dir='ltr'>Da.</span> <span class='ocrx_word' id='word_1_33' title='bbox 990 443 1139 503; x_wconf 82' lang='lat' dir='ltr'><strong>Huic,</strong></span> <span class='ocrx_word' id='word_1_34' title='bbox 1164 460 1261 499; x_wconf 86' lang='lat' dir='ltr'>non</span> <span class='ocrx_word' id='word_1_35' title='bbox 1297 444 1402 504; x_wconf 89' lang='lat' dir='ltr'>tibi,</span> <span class='ocrx_word' id='word_1_36' title='bbox 1428 443 1509 491; x_wconf 84' lang='lat' dir='ltr'>ha-</span> 
     </span>
     <span class='ocr_line' id='line_1_6' title="bbox 381 527 770 574; baseline 0 -1"><span class='ocrx_word' id='word_1_37' title='bbox 381 527 472 574; x_wconf 91' lang='lat' dir='ltr'>beo</span> <span class='ocrx_word' id='word_1_38' title='bbox 494 543 504 573; x_wconf 88' lang='lat'>:</span> <span class='ocrx_word' id='word_1_39' title='bbox 540 543 602 574; x_wconf 83' lang='lat' dir='ltr'>ne</span> <span class='ocrx_word' id='word_1_40' title='bbox 627 542 770 573; x_wconf 79' lang='lat' dir='ltr'>erres,</span> 
     </span>
    </p>

    <p class='ocr_par' dir='ltr' id='par_1_4' title="bbox 186 607 1505 748">
     <span class='ocr_line' id='line_1_7' title="bbox 186 607 1505 657; baseline 0.001 -2"><span class='ocrx_word' id='word_1_41' title='bbox 186 608 271 656; x_wconf 77' lang='lat' dir='ltr'>Ch.</span> <span class='ocrx_word' id='word_1_42' title='bbox 312 609 397 655; x_wconf 83' lang='lat' dir='ltr'>Sat</span> <span class='ocrx_word' id='word_1_43' title='bbox 432 609 600 655; x_wconf 82' lang='lat' dir='ltr'>habeo.</span> <span class='ocrx_word' id='word_1_44' title='bbox 671 608 770 655; x_wconf 80' lang='lat' dir='ltr'>Pa.</span> <span class='ocrx_word' id='word_1_45' title='bbox 807 607 945 657; x_wconf 78' lang='lat' dir='ltr'>Quid</span> <span class='ocrx_word' id='word_1_46' title='bbox 972 607 1157 654; x_wconf 71' lang='lat' dir='ltr'>facies?</span> <span class='ocrx_word' id='word_1_47' title='bbox 1195 607 1329 654; x_wconf 80' lang='lat' dir='ltr'>cedo.</span> <span class='ocrx_word' id='word_1_48' title='bbox 1401 607 1505 656; x_wconf 86' lang='lat' dir='ltr'>Da.</span> 
     </span>
     <span class='ocr_line' id='line_1_8' title="bbox 380 689 1266 748; baseline -0.002 -12"><span class='ocrx_word' id='word_1_49' title='bbox 380 689 498 737; x_wconf 82' lang='lat' dir='ltr'>Dies</span> <span class='ocrx_word' id='word_1_50' title='bbox 525 689 642 736; x_wconf 83' lang='lat' dir='ltr'>mihi</span> <span class='ocrx_word' id='word_1_51' title='bbox 667 689 746 736; x_wconf 84' lang='lat' dir='ltr'>hio</span> <span class='ocrx_word' id='word_1_52' title='bbox 772 698 823 735; x_wconf 88' lang='lat' dir='ltr'>ut</span> <span class='ocrx_word' id='word_1_53' title='bbox 848 689 908 735; x_wconf 83' lang='lat' dir='ltr'>sit</span> <span class='ocrx_word' id='word_1_54' title='bbox 932 689 1062 747; x_wconf 82' lang='lat' dir='ltr'>satis,</span> <span class='ocrx_word' id='word_1_55' title='bbox 1084 705 1266 748; x_wconf 87' lang='lat' dir='ltr'>vereor,</span> 
     </span>
    </p>

    <p class='ocr_par' dir='ltr' id='par_1_5' title="bbox 183 770 1510 900">
     <span class='ocr_line' id='line_1_9' title="bbox 183 770 1510 835; baseline -0.002 -17"><span class='ocrx_word' id='word_1_56' title='bbox 183 771 262 818; x_wconf 92' lang='lat' dir='ltr'>Ad</span> <span class='ocrx_word' id='word_1_57' title='bbox 290 772 554 835; x_wconf 79' lang='lat' dir='ltr'>agendum3</span> <span class='ocrx_word' id='word_1_58' title='bbox 591 787 653 818; x_wconf 86' lang='lat' dir='ltr'>ne</span> <span class='ocrx_word' id='word_1_59' title='bbox 675 787 878 817; x_wconf 82' lang='lat' dir='ltr'>vacuum</span> <span class='ocrx_word' id='word_1_60' title='bbox 905 787 1008 817; x_wconf 82' lang='lat' dir='ltr'>esse</span> <span class='ocrx_word' id='word_1_61' title='bbox 1032 787 1108 817; x_wconf 90' lang='lat' dir='ltr'>me</span> <span class='ocrx_word' id='word_1_62' title='bbox 1144 786 1274 816; x_wconf 84' lang='lat' dir='ltr'>nuno</span> <span class='ocrx_word' id='word_1_63' title='bbox 1313 770 1370 817; x_wconf 79' lang='lat' dir='ltr'>ad</span> <span class='ocrx_word' id='word_1_64' title='bbox 1405 786 1510 817; x_wconf 84' lang='lat' dir='ltr'>nar·</span> 
     </span>
     <span class='ocr_line' id='line_1_10' title="bbox 379 853 786 900; baseline 0 -1"><span class='ocrx_word' id='word_1_65' title='bbox 379 854 580 900; x_wconf 82' lang='lat' dir='ltr'>randum</span> <span class='ocrx_word' id='word_1_66' title='bbox 606 853 786 899; x_wconf 85' lang='lat' dir='ltr'>credas.</span> 
     </span>
    </p>

    <p class='ocr_par' dir='ltr' id='par_1_6' title="bbox 182 933 1507 1064">
     <span class='ocr_line' id='line_1_11' title="bbox 182 933 1507 996; baseline -0.002 -14"><span class='ocrx_word' id='word_1_67' title='bbox 182 935 392 982; x_wconf 80' lang='lat' dir='ltr'>Proinde</span> <span class='ocrx_word' id='word_1_68' title='bbox 418 935 530 981; x_wconf 84' lang='lat' dir='ltr'>hino</span> <span class='ocrx_word' id='word_1_69' title='bbox 556 951 639 980; x_wconf 80' lang='lat' dir='ltr'>vos</span> <span class='ocrx_word' id='word_1_70' title='bbox 677 934 971 981; x_wconf 86' lang='lat' dir='ltr'>amolimini:</span> <span class='ocrx_word' id='word_1_71' title='bbox 1009 950 1119 980; x_wconf 84' lang='lat' dir='ltr'>nam</span> <span class='ocrx_word' id='word_1_72' title='bbox 1158 933 1273 979; x_wconf 83' lang='lat' dir='ltr'>mihi</span> <span class='ocrx_word' id='word_1_73' title='bbox 1310 933 1507 996; x_wconf 65' lang='lat' dir='ltr'>impedi·</span> 
     </span>
     <span class='ocr_line' id='line_1_12' title="bbox 381 1016 693 1064; baseline 0 -2"><span class='ocrx_word' id='word_1_74' title='bbox 381 1025 542 1064; x_wconf 89' lang='lat' dir='ltr'>mento</span> <span class='ocrx_word' id='word_1_75' title='bbox 568 1016 693 1063; x_wconf 83' lang='lat' dir='ltr'>estis.</span> 
     </span>
    </p>

    <p class='ocr_par' dir='ltr' id='par_1_7' title="bbox 105 1095 1511 1308">
     <span class='ocr_line' id='line_1_13' title="bbox 105 1095 1511 1162; baseline -0.002 -15"><span class='ocrx_word' id='word_1_76' title='bbox 105 1108 157 1147; x_wconf 70' lang='lat'>25</span> <span class='ocrx_word' id='word_1_77' title='bbox 183 1099 281 1146; x_wconf 80' lang='lat' dir='ltr'>Pa.</span> <span class='ocrx_word' id='word_1_78' title='bbox 321 1098 428 1162; x_wconf 84' lang='lat' dir='ltr'>Ego</span> <span class='ocrx_word' id='word_1_79' title='bbox 455 1099 578 1144; x_wconf 81' lang='lat' dir='ltr'>hano</span> <span class='ocrx_word' id='word_1_80' title='bbox 603 1098 765 1145; x_wconf 85' lang='lat' dir='ltr'>visam.</span> <span class='ocrx_word' id='word_1_81' title='bbox 837 1097 939 1144; x_wconf 81' lang='lat' dir='ltr'>Da.</span> <span class='ocrx_word' id='word_1_82' title='bbox 976 1096 1114 1147; x_wconf 78' lang='lat' dir='ltr'>Quid</span> <span class='ocrx_word' id='word_1_83' title='bbox 1138 1098 1227 1143; x_wconf 67' lang='lat' dir='ltr'>tu?</span> <span class='ocrx_word' id='word_1_84' title='bbox 1264 1112 1359 1158; x_wconf 91' lang='lat' dir='ltr'>quo</span> <span class='ocrx_word' id='word_1_85' title='bbox 1395 1095 1511 1144; x_wconf 83' lang='lat' dir='ltr'>hinc</span> 
     </span>
     <span class='ocr_line' id='line_1_14' title="bbox 382 1177 1509 1243; baseline -0.001 -17"><span class='ocrx_word' id='word_1_86' title='bbox 382 1189 429 1227; x_wconf 87' lang='lat' dir='ltr'>te</span> <span class='ocrx_word' id='word_1_87' title='bbox 469 1179 602 1243; x_wconf 67' lang='lat' dir='ltr'>agis?</span> <span class='ocrx_word' id='word_1_88' title='bbox 676 1179 761 1226; x_wconf 72' lang='lat' dir='ltr'>Ch.</span> <span class='ocrx_word' id='word_1_89' title='bbox 799 1179 982 1226; x_wconf 86' lang='lat' dir='ltr'>Verum</span> <span class='ocrx_word' id='word_1_90' title='bbox 1025 1178 1094 1224; x_wconf 88' lang='lat' dir='ltr'>vis</span> <span class='ocrx_word' id='word_1_91' title='bbox 1138 1178 1335 1224; x_wconf 69' lang='lat' dir='ltr'>dicam?</span> <span class='ocrx_word' id='word_1_92' title='bbox 1405 1177 1509 1226; x_wconf 84' lang='lat' dir='ltr'>Da.</span> 
     </span>
     <span class='ocr_line' id='line_1_15' title="bbox 383 1261 724 1308; baseline 0 0"><span class='ocrx_word' id='word_1_93' title='bbox 383 1261 539 1308; x_wconf 89' lang='lat' dir='ltr'>Immo</span> <span class='ocrx_word' id='word_1_94' title='bbox 565 1261 724 1308; x_wconf 87' lang='lat' dir='ltr'>etiam.</span> 
     </span>
    </p>

    <p class='ocr_par' dir='ltr' id='par_1_8' title="bbox 184 1340 1513 1471">
     <span class='ocr_line' id='line_1_16' title="bbox 184 1340 1513 1405; baseline -0.002 -15"><span class='ocrx_word' id='word_1_95' title='bbox 184 1343 490 1391; x_wconf 81' lang='lat' dir='ltr'>Narrationis</span> <span class='ocrx_word' id='word_1_96' title='bbox 516 1342 685 1405; x_wconf 81' lang='lat' dir='ltr'>incipit.</span> <span class='ocrx_word' id='word_1_97' title='bbox 710 1341 826 1388; x_wconf 78' lang='lat' dir='ltr'>mihi</span> <span class='ocrx_word' id='word_1_98' title='bbox 854 1341 1058 1388; x_wconf 88' lang='lat' dir='ltr'>initium.</span> <span class='ocrx_word' id='word_1_99' title='bbox 1133 1340 1219 1388; x_wconf 76' lang='lat' dir='ltr'>Clz.</span> <span class='ocrx_word' id='word_1_100' title='bbox 1256 1340 1394 1391; x_wconf 77' lang='lat' dir='ltr'>Quid</span> <span class='ocrx_word' id='word_1_101' title='bbox 1435 1356 1513 1388; x_wconf 86' lang='lat' dir='ltr'>me</span> 
     </span>
     <span class='ocr_line' id='line_1_17' title="bbox 382 1425 498 1471; baseline 0 0"><span class='ocrx_word' id='word_1_102' title='bbox 382 1425 498 1471; x_wconf 69' lang='lat' dir='ltr'>fiet?</span> 
     </span>
    </p>

    <p class='ocr_par' dir='ltr' id='par_1_9' title="bbox 186 1503 1513 1644">
     <span class='ocr_line' id='line_1_18' title="bbox 186 1503 1513 1568; baseline -0.002 -15"><span class='ocrx_word' id='word_1_103' title='bbox 186 1507 288 1554; x_wconf 83' lang='lat' dir='ltr'>Da.</span> <span class='ocrx_word' id='word_1_104' title='bbox 326 1506 434 1553; x_wconf 88' lang='lat' dir='ltr'>Eho</span> <span class='ocrx_word' id='word_1_105' title='bbox 483 1505 842 1568; x_wconf 19' lang='lat' dir='ltr'>tulimpudens‚</span> <span class='ocrx_word' id='word_1_106' title='bbox 888 1521 984 1551; x_wconf 87' lang='lat' dir='ltr'>non</span> <span class='ocrx_word' id='word_1_107' title='bbox 1027 1504 1141 1550; x_wconf 82' lang='lat' dir='ltr'>satis</span> <span class='ocrx_word' id='word_1_108' title='bbox 1182 1504 1346 1562; x_wconf 80' lang='lat' dir='ltr'>habes,</span> <span class='ocrx_word' id='word_1_109' title='bbox 1385 1503 1513 1566; x_wconf 90' lang='lat' dir='ltr'>quod</span> 
     </span>
     <span class='ocr_line' id='line_1_19' title="bbox 383 1586 898 1644; baseline -0.006 -10"><span class='ocrx_word' id='word_1_110' title='bbox 383 1588 470 1634; x_wconf 90' lang='lat' dir='ltr'>tibi</span> <span class='ocrx_word' id='word_1_111' title='bbox 497 1586 898 1644; x_wconf 69' lang='lat' dir='ltr'>dieculamadd0,</span> 
     </span>
    </p>

    <p class='ocr_par' dir='ltr' id='par_1_10' title="bbox 185 1664 1515 1810">
     <span class='ocr_line' id='line_1_20' title="bbox 185 1664 1515 1730; baseline -0.005 -12"><span class='ocrx_word' id='word_1_112' title='bbox 185 1670 440 1720; x_wconf 77' lang='lat' dir='ltr'>Quantum</span> <span class='ocrx_word' id='word_1_113' title='bbox 484 1669 597 1715; x_wconf 82' lang='lat' dir='ltr'>huie</span> <span class='ocrx_word' id='word_1_114' title='bbox 637 1683 896 1730; x_wconf 82' lang='lat' dir='ltr'>promoveo</span> <span class='ocrx_word' id='word_1_115' title='bbox 938 1666 1161 1728; x_wconf 72' lang='lat' dir='ltr'>nuptias?</span> <span class='ocrx_word' id='word_1_116' title='bbox 1236 1665 1323 1713; x_wconf 74' lang='lat' dir='ltr'>Ch.</span> <span class='ocrx_word' id='word_1_117' title='bbox 1362 1664 1515 1727; x_wconf 77' lang='lat' dir='ltr'>Dave,</span> 
     </span>
     <span class='ocr_line' id='line_1_21' title="bbox 387 1748 1331 1810; baseline -0.005 -13"><span class='ocrx_word' id='word_1_118' title='bbox 387 1759 594 1797; x_wconf 82' lang='lat' dir='ltr'>attamen</span> <span class='ocrx_word' id='word_1_119' title='bbox 630 1786 838 1796; x_wconf 87' lang='grc'><strong>.....</strong></span> <span class='ocrx_word' id='word_1_120' title='bbox 876 1748 979 1794; x_wconf 81' lang='lat' dir='ltr'>Da.</span> <span class='ocrx_word' id='word_1_121' title='bbox 1016 1748 1153 1797; x_wconf 78' lang='lat' dir='ltr'>Quid</span> <span class='ocrx_word' id='word_1_122' title='bbox 1179 1748 1331 1810; x_wconf 69' lang='lat' dir='ltr'>ergo?</span> 
     </span>
    </p>

    <p class='ocr_par' dir='ltr' id='par_1_11' title="bbox 191 1828 1516 1971">
     <span class='ocr_line' id='line_1_22' title="bbox 191 1828 1516 1880; baseline -0.003 0"><span class='ocrx_word' id='word_1_123' title='bbox 191 1832 278 1880; x_wconf 63' lang='lat' dir='ltr'>Cla.</span> <span class='ocrx_word' id='word_1_124' title='bbox 315 1832 380 1879; x_wconf 90' lang='lat' dir='ltr'>Ut</span> <span class='ocrx_word' id='word_1_125' title='bbox 426 1833 614 1878; x_wconf 76' lang='lat' dir='ltr'>ducam.</span> <span class='ocrx_word' id='word_1_126' title='bbox 703 1831 807 1877; x_wconf 84' lang='lat' dir='ltr'>Da.</span> <span class='ocrx_word' id='word_1_127' title='bbox 858 1829 1176 1876; x_wconf 83' lang='lat' dir='ltr'>Ridiculum!</span> <span class='ocrx_word' id='word_1_128' title='bbox 1269 1828 1354 1876; x_wconf 61' lang='lat' dir='ltr'>Cle.</span> <span class='ocrx_word' id='word_1_129' title='bbox 1400 1828 1516 1876; x_wconf 82' lang='lat' dir='ltr'>Huc</span> 
     </span>
     <span class='ocr_line' id='line_1_23' title="bbox 387 1909 1380 1971; baseline -0.003 -12"><span class='ocrx_word' id='word_1_130' title='bbox 387 1913 491 1959; x_wconf 79' lang='lat' dir='ltr'>sace</span> <span class='ocrx_word' id='word_1_131' title='bbox 518 1912 574 1958; x_wconf 76' lang='lat' dir='ltr'>ad</span> <span class='ocrx_word' id='word_1_132' title='bbox 602 1928 676 1958; x_wconf 89' lang='lat' dir='ltr'>me</span> <span class='ocrx_word' id='word_1_133' title='bbox 702 1920 753 1958; x_wconf 92' lang='lat' dir='ltr'>ut</span> <span class='ocrx_word' id='word_1_134' title='bbox 777 1911 956 1969; x_wconf 82' lang='lat' dir='ltr'>venias,</span> <span class='ocrx_word' id='word_1_135' title='bbox 984 1910 1022 1956; x_wconf 83' lang='lat' dir='ltr'>si</span> <span class='ocrx_word' id='word_1_136' title='bbox 1049 1910 1162 1971; x_wconf 91' lang='lat' dir='ltr'>quid</span> <span class='ocrx_word' id='word_1_137' title='bbox 1187 1909 1380 1971; x_wconf 84' lang='lat' dir='ltr'>poteris.</span> 
     </span>
    </p>

    <p class='ocr_par' dir='ltr' id='par_1_12' title="bbox 112 1990 1515 2218">
     <span class='ocr_line' id='line_1_24' title="bbox 112 1990 1515 2044; baseline -0.005 -1"><span class='ocrx_word' id='word_1_138' title='bbox 112 2002 163 2043; x_wconf 86' lang='lat'>30</span> <span class='ocrx_word' id='word_1_139' title='bbox 188 1995 291 2043; x_wconf 83' lang='lat' dir='ltr'>Da.</span> <span class='ocrx_word' id='word_1_140' title='bbox 328 1994 467 2044; x_wconf 75' lang='lat' dir='ltr'>Quid</span> <span class='ocrx_word' id='word_1_141' title='bbox 502 1993 726 2040; x_wconf 69' lang='lat' dir='ltr'>veniam?</span> <span class='ocrx_word' id='word_1_142' title='bbox 764 1992 881 2038; x_wconf 89' lang='lat' dir='ltr'>nihil</span> <span class='ocrx_word' id='word_1_143' title='bbox 919 1992 1086 2037; x_wconf 79' lang='lat' dir='ltr'>habeo.</span> <span class='ocrx_word' id='word_1_144' title='bbox 1163 1990 1247 2037; x_wconf 61' lang='lat' dir='ltr'>Cla.</span> <span class='ocrx_word' id='word_1_145' title='bbox 1287 1990 1515 2037; x_wconf 81' lang='lat' dir='ltr'>Attamen</span> 
     </span>
     <span class='ocr_line' id='line_1_25' title="bbox 387 2071 1513 2136; baseline -0.003 -15"><span class='ocrx_word' id='word_1_146' title='bbox 387 2076 427 2121; x_wconf 86' lang='lat' dir='ltr'>si</span> <span class='ocrx_word' id='word_1_147' title='bbox 469 2074 584 2136; x_wconf 89' lang='lat' dir='ltr'>quid</span> <span class='ocrx_word' id='word_1_148' title='bbox 621 2112 630 2121; x_wconf 88' lang='lat'><strong>.</strong></span> <span class='ocrx_word' id='word_1_149' title='bbox 671 2112 681 2122; x_wconf 86' lang='lat'><strong>.</strong></span> <span class='ocrx_word' id='word_1_150' title='bbox 720 2111 729 2120; x_wconf 91' lang='lat'>.</span> <span class='ocrx_word' id='word_1_151' title='bbox 771 2110 780 2120; x_wconf 91' lang='lat'><strong>.</strong></span> <span class='ocrx_word' id='word_1_152' title='bbox 836 2073 938 2119; x_wconf 76' lang='lat' dir='ltr'>Da.</span> <span class='ocrx_word' id='word_1_153' title='bbox 977 2072 1102 2135; x_wconf 83' lang='lat' dir='ltr'>Age,</span> <span class='ocrx_word' id='word_1_154' title='bbox 1146 2071 1349 2118; x_wconf 77' lang='lat' dir='ltr'>veniam.</span> <span class='ocrx_word' id='word_1_155' title='bbox 1426 2071 1513 2119; x_wconf 63' lang='lat' dir='ltr'>Cle.</span> 
     </span>
     <span class='ocr_line' id='line_1_26' title="bbox 391 2155 600 2218; baseline -0.01 -16"><span class='ocrx_word' id='word_1_156' title='bbox 391 2155 443 2202; x_wconf 85' lang='lat' dir='ltr'>Si</span> <span class='ocrx_word' id='word_1_157' title='bbox 469 2155 600 2218; x_wconf 89' lang='lat' dir='ltr'>quid,</span> 
     </span>
    </p>

    <p class='ocr_par' dir='ltr' id='par_1_13' title="bbox 191 2235 1517 2298">
     <span class='ocr_line' id='line_1_27' title="bbox 191 2235 1517 2298; baseline -0.005 -12"><span class='ocrx_word' id='word_1_158' title='bbox 191 2238 337 2286; x_wconf 90' lang='lat' dir='ltr'>Domi</span> <span class='ocrx_word' id='word_1_159' title='bbox 362 2253 458 2285; x_wconf 78' lang='lat' dir='ltr'>ero,</span> <span class='ocrx_word' id='word_1_160' title='bbox 520 2237 620 2283; x_wconf 83' lang='lat' dir='ltr'>Da.</span> <span class='ocrx_word' id='word_1_161' title='bbox 658 2236 756 2294; x_wconf 92' lang='lat' dir='ltr'>Tu,</span> <span class='ocrx_word' id='word_1_162' title='bbox 776 2235 944 2298; x_wconf 86' lang='lat' dir='ltr'>Mysis,</span> <span class='ocrx_word' id='word_1_163' title='bbox 972 2235 1084 2281; x_wconf 88' lang='lat' dir='ltr'>dum</span> <span class='ocrx_word' id='word_1_164' title='bbox 1106 2250 1240 2293; x_wconf 86' lang='lat' dir='ltr'>exe0‚</span> <span class='ocrx_word' id='word_1_165' title='bbox 1261 2249 1517 2297; x_wconf 82' lang='lat' dir='ltr'>parumper</span> 
     </span>
    </p>

    <p class='ocr_par' dir='ltr' id='par_1_14' title="bbox 389 2317 824 2381">
     <span class='ocr_line' id='line_1_28' title="bbox 389 2317 824 2381; baseline 0 -16"><span class='ocrx_word' id='word_1_166' title='bbox 389 2317 607 2381; x_wconf 88' lang='lat' dir='ltr'>opperire</span> <span class='ocrx_word' id='word_1_167' title='bbox 628 2333 703 2365; x_wconf 90' lang='lat' dir='ltr'>me</span> <span class='ocrx_word' id='word_1_168' title='bbox 729 2317 824 2365; x_wconf 79' lang='lat' dir='ltr'>hic.</span> 
     </span>
    </p>
   </div>
  </div>
 </body>
</html>
