1648 2738
438 93 693 131 ADELPHI.
744 94 847 130 Ac-r.
868 94 918 131 11.
952 94 1080 131 scm.
1101 95 1132 132 1.
1440 85 1506 133 87

115 217 200 264 Sa.
237 216 283 263 O
325 217 566 263 hominem
609 217 878 278 impurum!
934 217 1125 263 hiccine
1162 217 1428 264 libertatem

309 298 441 344 aiunt
466 314 647 359 aequam
674 313 776 344 esse
800 298 1058 344 omnibus?

110 379 224 426 AEs.
263 379 317 425 Si
341 379 454 425 satis
484 379 582 441 jam
607 379 930 425 debacchatus
967 394 1034 437 eS,
1071 378 1197 437 lenc,
1226 378 1352 437 audi,
1387 377 1428 425 si

308 459 394 517 vis,
421 476 551 506 nunc
572 459 685 521 jam.
1453 462 1505 502 30

111 539 195 586 Sa.
234 539 388 603 Egon'
416 540 738 586 debacchatus
763 556 865 585 sum
889 547 1062 597 autem,
1085 556 1142 586 an
1168 548 1218 586 tu
1244 539 1292 586 in
1316 540 1427 586 me?

305 620 417 667 AEs.
456 619 596 666 Mitte
621 620 725 678 ista,
753 628 892 681 atque
920 619 978 666 ad
1002 635 1102 666 rem
1127 620 1243 666 redi.

110 700 194 747 Sa.
230 700 393 751 Quam
420 702 552 747 rem?
588 716 681 762 quo
705 700 930 747 redeam?
986 700 1099 748 AES.
1137 700 1310 748 Jamne
1350 717 1427 748 me

304 781 374 827 vis
398 781 559 827 dicere
583 781 647 838 id,
676 781 802 842 quod
829 781 885 826 ad
911 789 957 827 te
983 780 1186 827 attinet?

108 860 192 907 Sa.
243 860 402 922 Cupio
424 877 434 907 1
492 861 614 922 aequi
657 861 800 907 modo
848 861 1038 922 aliquid.
1124 861 1238 910 AES.
1288 861 1423 909 Vah!

302 941 412 987 leno
438 941 602 1002 iniqua
625 956 702 988 me
725 957 822 987 non
847 941 943 987 volt
965 941 1096 1002 loqui
1118 942 1127 988 !

107 1021 191 1068 Sa.
229 1021 364 1068 Leno
389 1038 509 1080 sum,
538 1022 717 1079 fateor3
753 1021 994 1083 pernicies
1020 1022 1289 1069 communis
1315 1022 1425 1070 ado·

302 1102 585 1149 lescentium
605 1119 616 1160 ;

106 1181 347 1245 Perjurus,
371 1183 516 1244 pestis
540 1199 550 1230 :
586 1191 746 1229 tamen
771 1182 858 1229 tibi
901 1199 927 1230 a
961 1198 1038 1230 me
1061 1182 1193 1230 nulla
1216 1192 1320 1231 orta
1353 1192 1425 1232 est

301 1261 486 1323 injuria.
1450 1269 1501 1310 35

104 1341 218 1389 AEs.
255 1341 382 1388 Nam
420 1342 581 1389 hercle
617 1342 760 1389 etiam
801 1342 894 1389 hoc
931 1351 1088 1391 restat.
1160 1343 1243 1391 Sa.
1280 1343 1419 1403 Illuc,

302 1439 475 1483 quaeso,
502 1423 620 1481 redi,
647 1438 740 1485 quo
765 1423 967 1485 coepisti,
994 1424 1240 1472 AEschine.

100 1501 219 1548 ²AEs.
256 1501 406 1548 Minis
429 1502 596 1565 viginti
621 1511 672 1548 tu
698 1503 825 1549 illam
859 1503 1047 1562 emisti;
1085 1520 1188 1566 quae
1224 1519 1300 1551 res
1333 1502 1422 1551 tibi

299 1591 450 1628 vortat
474 1583 624 1630 male!

104 1661 306 1725 Argenti
332 1671 515 1709 tantum
540 1664 742 1711 dabitur.
813 1664 897 1711 Sa.
934 1664 1105 1716 Quid?
1141 1665 1180 1712 si
1206 1681 1297 1729 ego
1331 1665 1419 1713 tibi

299 1743 425 1789 illam
450 1744 562 1790 nolo
586 1745 806 1803 vendere,

104 1823 263 1886 Coges
309 1825 422 1870 me?
504 1825 618 1871 AEs.
674 1825 891 1873 Minime.
977 1826 1060 1873 Sa.
1110 1826 1334 1889 Namque
1369 1827 1418 1874 id

299 1904 460 1951 metui.
530 1904 643 1952 AEs.
681 1904 854 1966 Neque
879 1906 1181 1953 vendundam
1207 1923 1399 1965 cense0‚

100 1982 226 2032 Quoe
268 1984 418 2031 libera
441 1986 529 2042 'st3
580 2001 690 2031 nam
732 2002 823 2049 ego
864 1986 1049 2033 liberali
1091 1987 1220 2034 illam
1257 2003 1416 2035 assero

298 2066 440 2111 causa
468 2082 623 2112 manu.
649 2051 652 2054 Δ
1441 2073 1493 2114 40

103 2143 248 2191 Nunc
289 2145 410 2203 vide,
457 2155 611 2192 utrum
653 2147 752 2193 vis:
793 2156 1039 2209 argentum
1083 2149 1316 2212 accipere,
1355 2166 1413 2196 an

298 2241 489 2272 causam
514 2227 731 2273 meditari
756 2230 922 2275 tuam?

102 2304 327 2351 Delibera
364 2306 470 2364 hoc,
514 2307 624 2352 dum
667 2323 757 2370 ego
794 2308 954 2367 redeo,
994 2309 1115 2357 leno.
1197 2311 1281 2358 Sa.
1318 2310 1412 2357 Pro

296 2402 512 2447 supreme
537 2387 722 2449 Jupiter
744 2388 753 2434 !
