1648 2738
434 109 657 146 ANDmA.
708 108 811 144 Λοτ.
832 105 898 142 ιν.
932 105 1059 141 sens.
1081 103 1111 139 1.
1423 90 1486 138 51

109 236 200 283 Pa,
238 235 337 281 Cur
372 250 448 280 me
483 232 678 280 enicas?
725 231 818 276 hoc
856 228 997 275 audi:
1034 239 1279 286 nunquam
1316 222 1420 268 des·

299 315 393 361 titit

104 397 303 453 Instare,
329 404 380 440 ut
399 394 626 452 dicerem,
653 408 728 438 me
754 406 857 437 esse
882 390 1154 444 ducturum,
1179 383 1302 447 patri
1323 399 1333 429 :

106 477 336 534 Suadere,
362 491 513 533 orare,
540 489 690 535 usque
716 472 834 518 adeo
859 470 1013 516 donee
1037 466 1256 530 perpulit.

109 557 196 604 Ch.
231 548 360 606 Quis
401 556 543 601 homo
581 554 741 600 istuc?
811 552 908 598 Pa.
947 550 1121 596 Davos.
1207 546 1293 593 Ch.
1329 545 1426 591 Da-

303 637 415 682 vos!
486 636 585 682 Pa.
624 634 785 680 Davos
810 631 984 678 omnia.

111 718 198 764 Cla.
235 716 603 767 Quamobrem?
672 714 771 760 Pa.
809 711 1025 766 Nescio:
1063 709 1155 756 nisi
1180 707 1298 754 mihi
1332 706 1427 753 De-

306 814 359 843 os
385 797 498 842 satis
1451 795 1504 835 40

110 878 225 924 Seio
251 878 395 924 fuisse
421 877 581 933 iratos,
603 875 683 936 qui
710 872 1087 920 auscultaverim.

113 958 197 1006 Ch.
236 958 438 1004 Factum
464 957 556 1003 hoc
578 964 664 1014 est,
685 955 858 1001 Dave?
918 953 1020 999 Da.
1058 951 1277 998 Factum.
1339 947 1427 995 Ch.

308 1038 433 1084 Hem
457 1038 466 1083 !
504 1036 618 1098 quid
645 1035 728 1092 ais,
756 1034 946 1081 scelus?

111 1121 178 1166 At
202 1119 288 1165 tibi
314 1118 377 1164 Di
405 1118 602 1181 dignum
628 1116 766 1162 factis
791 1115 989 1162 exitium
1015 1113 1166 1159 duint.

113 1200 250 1247 Eho!
299 1199 378 1245 dio
425 1197 558 1256 mihi,
608 1196 647 1242 si
693 1211 859 1242 omnes
899 1195 1029 1240 huno
1072 1192 1344 1256 conjectum
1381 1190 1430 1237 in

309 1296 373 1326 nu
409 1288 499 1326 tias

112 1360 304 1408 Inimici
346 1296 550 1417 vgllent3
600 1357 745 1420 quod,
782 1356 875 1403 nisi
915 1356 1025 1415 hoc,
1064 1354 1320 1402 consilium
1355 1352 1435 1399 da-

308 1441 451 1487 rent?
1457 1437 1510 1477 45

117 1522 215 1570 Da.
253 1522 498 1583 Deceptus
544 1536 665 1579 sum,
716 1527 760 1565 at
807 1534 904 1565 non
950 1516 1251 1580 defatigatus.
1342 1513 1432 1562 c'lz.

312 1601 443 1649 Scio.

115 1684 216 1731 Da.
256 1682 365 1729 Hae
390 1698 486 1728 non
511 1680 774 1737 successit;
815 1679 906 1726 alia
933 1678 1265 1741 aggrediemur
1290 1676 1367 1723 via
1387 1693 1398 1734 ;

115 1764 225 1811 Nisi
250 1764 298 1810 id
321 1771 475 1825 putas,
502 1761 614 1823 quia
636 1761 789 1824 primo
813 1759 1046 1830 processit
1069 1774 1255 1820 parum,

116 1844 229 1891 Non
253 1860 392 1906 posse
412 1843 508 1906 jam
537 1843 593 1889 ad
619 1842 820 1888 salutem
847 1840 1060 1887 converti
1086 1840 1178 1885 hoc
1202 1838 1394 1885 malum.

115 1926 214 1972 Pa.
252 1925 406 1971 Immo
432 1924 602 1971 etiam:
640 1939 750 1969 nam
788 1923 903 1968 satis
939 1921 1100 1979 eredO,
1137 1920 1176 1966 si
1214 1918 1437 1983 advigila-

312 2004 451 2063 veris,
720 2055 724 2058 .
1459 2011 1512 2052 50

118 2087 191 2134 Ex
214 2086 321 2133 unis
347 2085 560 2148 geminas
580 2084 696 2130 mihi
723 2083 952 2129 conficies
977 2082 1180 2144 nuptias,

124 2168 220 2214 Da.
259 2167 381 2229 Ego,
409 2165 672 2227 Pamphile,
700 2165 791 2210 hoe
816 2164 901 2209 tibi
926 2179 1011 2225 pro
1036 2162 1229 2209 servitio
1266 2161 1436 2220 debeo,

117 2248 295 2296 Conari
321 2247 555 2304 manibus,
575 2246 793 2308 pedibuS,
819 2253 1079 2305 noctesque
1104 2251 1151 2290 et
1175 2243 1294 2302 dies,

118 2328 302 2391 Capitis
326 2327 557 2390 periclum
585 2327 730 2384 adire,
757 2326 870 2371 dum
894 2325 1071 2387 prosim
1095 2324 1197 2371 tibi.
