1648 2738
404 73 625 112 ANDRIA.
677 74 779 110 Aer.
798 73 849 109 11.
884 73 1011 110 scm.
1028 74 1064 109 3.
1398 63 1459 112 31

77 197 310 261 Magnum
328 197 530 260 signum.
599 196 702 243 Da.
738 195 872 243 Num
889 195 1108 244 videntur
1133 194 1389 242 convenire

272 278 375 325 haec
399 277 612 340 nuptiis?

76 359 174 406 Pa.
211 358 341 418 Non,
378 359 564 421 opinor,
600 359 746 404 Dave.
839 357 941 403 Da.
980 356 1258 418 “Opinor''
1285 372 1390 402 nar-

272 441 383 486 ras?
419 455 515 486 non
539 447 669 486 recte
695 437 887 500 accipis,
1413 448 1464 487 30

77 521 223 568 Certa
242 536 316 567 res
340 529 423 567 est.
494 519 653 566 Etiam
671 534 871 581 puerum
895 518 1006 564 inde
1033 517 1196 564 abiens
1220 532 1390 564 conve·

272 601 322 648 ni
347 601 583 659 Chremis,

77 681 224 729 Olera
241 690 287 728 et
304 681 562 743 pisciculos
582 664 790 726 minutos
815 679 936 726 ferre
960 678 1102 725 obolo
1129 678 1178 724 in
1204 694 1390 725 ccenam

272 763 388 809 seni.

81 842 165 890 Ch.
203 842 454 890 Liberatus
479 858 582 887 sum
607 841 765 900 hodie,
785 841 935 900 Dave,
955 841 1037 887 tua
1056 840 1215 903 opera.
1286 839 1388 887 Da.

273 923 350 969 Ac
375 923 533 969 nullus
559 922 765 984 quidem.

76 1003 166 1071 Clz.
201 1003 340 1054 Quid
380 1003 482 1050 ita?
535 1018 705 1064 nempe
745 1003 859 1049 huic
901 1018 1094 1064 prorsus
1130 1002 1257 1048 illam
1292 1018 1389 1048 non

273 1084 365 1131 dat.
437 1083 539 1130 Da.
576 1083 860 1130 Ridiculum
886 1084 1059 1145 caput!

75 1165 231 1216 Quasi
276 1179 473 1212 necesse
518 1163 594 1222 sit,
641 1163 681 1209 si
728 1163 840 1209 huic
881 1177 978 1209 non
1025 1162 1120 1221 dat,
1167 1171 1214 1209 te
1261 1162 1391 1208 illam

273 1260 469 1291 uxorem
493 1244 684 1291 ducere.
1415 1251 1467 1291 35

76 1325 186 1373 Nisi
220 1325 367 1384 videS,
391 1325 484 1372 nisi
521 1324 648 1371 senis
684 1324 863 1370 amicos
894 1339 1017 1382 oras,
1045 1324 1194 1370 ambis
1231 1361 1240 1371 .
1279 1361 1289 1371 .
1328 1361 1338 1371 .
1375 1363 1384 1373 .

276 1408 361 1456 Ch.
399 1408 531 1455 Bene
556 1423 736 1453 mones.

75 1477 190 1549 'Ib0;
229 1489 316 1537 etsi
349 1488 508 1535 hercle
541 1504 664 1550 saepe
691 1488 788 1550 jam
818 1503 893 1534 me
926 1503 1031 1549 spes
1064 1487 1166 1534 haec
1199 1487 1389 1533 frustra·

272 1578 321 1617 ta
343 1578 427 1617 est.
496 1569 630 1616 Vale.

576 1788 781 1832 SCENA
812 1788 890 1830 III.

463 1916 771 1963 PAMpmms.
819 1913 1007 1960 DAvus.

143 2049 242 2096 Pa.
277 2048 418 2099 Qum
444 2047 587 2110 igitur
612 2046 701 2092 sibi
725 2045 821 2092 volt
843 2046 1011 2108 pater?
1048 2061 1132 2091 cur
1168 2044 1392 2092 simulat?

276 2129 378 2176 Da.
416 2128 523 2191 Ego
548 2127 705 2173 dicam
729 2127 829 2174 tibi.

80 2202 134 2258 'Si
160 2210 208 2257 id
231 2218 512 2257 succenseat
534 2224 679 2267 nunc,
706 2208 817 2269 quia
849 2223 945 2253 non
983 2207 1060 2253 dat
1085 2206 1171 2253 tibi
1196 2221 1392 2252 uxorem

277 2290 522 2348 Chremes,

81 2371 219 2436 Ipsus
236 2370 327 2418 sibi
346 2385 448 2419 esse
468 2369 667 2433 injurius
685 2368 897 2416 videatur
914 2385 925 2426 3
958 2383 1113 2430 neque
1133 2367 1181 2413 1d
1200 2365 1392 2430 injuria,
