1648 2738
382 94 636 132 ADELPHI.
687 95 790 131 Aer.
810 95 880 131 111.
916 96 1042 134 scm«.
1064 97 1098 133 3.
1371 91 1463 138 103

81 217 250 277 Metui,
275 234 337 264 ne
374 218 573 265 haereret
613 218 706 266 hio.
778 219 862 281 Sy.
902 219 1062 281 Atque
1104 220 1274 266 iratum
1313 221 1390 267 ad-

275 299 483 345 modum.

80 379 172 425 De.
209 378 345 428 Quid
372 380 566 425 autem?
636 379 720 441 Sy.
759 379 973 426 Adortus
1004 380 1164 443 jurgio
1200 381 1389 427 fratrem

275 459 398 521 apud
424 459 589 517 forum,
1415 467 1465 506 50

78 539 153 585 De
176 540 372 601 psaltria
410 540 541 586 istac.
614 540 704 588 De.
746 541 856 587 Ain'
902 543 1050 587 vero?
1120 542 1205 604 Sy.
1249 542 1389 588 Vah!

273 619 390 665 nihil
416 620 620 667 reticuit.
680 660 684 664 .

79 699 220 757 Nam,
248 709 299 746 ut
323 702 658 746 numerabatur
684 701 802 747 forte
830 711 1092 764 argentum,
1120 703 1372 749 intervenit

78 778 239 825 Homo
281 780 338 825 de
380 780 660 842 improviso:
700 782 843 844 coepit
885 782 1108 841 clamare,
1152 782 1249 829 “O
1287 783 1396 830 AEs-

273 860 443 907 chine!

77 939 310 986 H'aeccine
335 940 513 1003 flagitia
538 942 693 988 facere
717 952 764 988 te
785 944 794 989 !
833 944 935 990 haee
960 953 1006 991 te
1032 944 1279 991 admittere

78 1019 285 1083 Indigna
331 1037 504 1084 genere
546 1024 787 1069 nostr0!’'
871 1024 964 1071 De.
1019 1025 1125 1072 Oh!
1178 1025 1393 1071 lacrumo

273 1102 461 1163 gaudio.
1417 1111 1469 1150 55

77 1181 161 1243 Sy.
201 1181 359 1228 “Non
402 1193 452 1229 tu
495 1182 586 1229 hoe
625 1192 873 1246 argentum
918 1185 1094 1246 perdis,
1131 1186 1213 1232 sed
1250 1186 1392 1233 vitam

274 1264 449 1309 tuam.’'

77 1342 170 1389 De.
209 1343 376 1389 Salvos
400 1343 474 1401 sit,
500 1360 636 1405 spero
660 1361 668 1390 :
704 1353 777 1390 est
796 1344 963 1391 similis
982 1346 1213 1408 majorum
1240 1346 1391 1394 suum.

273 1423 358 1486 Sy.
397 1424 528 1470 Hui!

78 1502 169 1549 De.
207 1504 342 1565 Syre,
362 1514 707 1566 praeeeptorum
731 1505 898 1567 plenus
919 1506 1114 1553 istorum
1143 1507 1234 1554 ille.
1307 1508 1391 1570 Sy.

273 1583 400 1645 Phy!

77 1663 218 1710 Domi
245 1664 410 1710 habuit
434 1665 560 1710 unde
586 1665 804 1712 disceret.
876 1667 970 1714 De.
1008 1668 1087 1714 Fit
1112 1668 1292 1716 sedulo.

75 1744 209 1790 Nihil
236 1746 568 1806 praetermitto:
608 1747 946 1794 consuefaeio:
984 1748 1206 1810 denique,
1417 1750 1469 1790 60

75 1824 335 1885 Inspicere,
362 1834 584 1886 tanquam
606 1827 652 1872 in
680 1828 941 1889 speculum,
970 1828 1017 1875 in
1034 1829 1153 1876 vitas
1177 1831 1392 1878 omnium

75 1905 231 1951 Jubeo
251 1922 261 1962 3
301 1915 440 1966 atque
464 1922 522 1952 ex
548 1907 650 1952 aliis
671 1924 857 1955 sumere
881 1910 1148 1971 exemplum
1177 1912 1279 1958 sibi.

76 1992 105 2011 “
126 1985 233 2032 Hoc
281 1986 472 2033 facit0.''
545 1988 630 2049 Sy.
661 1988 827 2049 *Recte
875 2006 1002 2037 sane.
1084 1990 1176 2038 De.
1228 1999 1257 2018 “
1281 1993 1391 2040 Hoc

272 2067 468 2129 fugito.''
542 2068 625 2129 Sy.
665 2069 866 2115 callide.

81 2147 168 2194 De.
207 2153 236 2174 “
260 2147 370 2194 Hoc
394 2149 522 2194 laudi
548 2151 664 2196 est.''
737 2150 822 2212 Sy.
861 2150 1032 2198 Isthaec
1053 2169 1127 2199 res
1151 2162 1234 2200 est.
1295 2154 1387 2201 De.

272 2233 301 2254 ‘⁴
324 2228 434 2275 Hoc
459 2229 572 2275 vitio
598 2230 782 2276 datur.''

75 2308 160 2371 Sy.
200 2308 515 2356 Probissume.
589 2310 680 2357 Dc.
725 2310 871 2357 Porro
912 2320 1068 2360 autem
1107 2349 1116 2360 .
1156 2350 1165 2361 .
1206 2349 1213 2357 .
1302 2314 1381 2378 Sy.

270 2388 381 2436 Non
408 2389 566 2437 hercle
591 2391 738 2438 otium
765 2394 822 2439 ’st
1411 2404 1464 2445 65
