<?xml version="1.0" encoding="UTF-8"?>
<!DOCTYPE html PUBLIC "-//W3C//DTD XHTML 1.0 Transitional//EN"
    "http://www.w3.org/TR/xhtml1/DTD/xhtml1-transitional.dtd">
<html xmlns="http://www.w3.org/1999/xhtml" xml:lang="en" lang="en">
 <head>
  <title>
</title>
<meta http-equiv="Content-Type" content="text/html;charset=utf-8" />
  <meta name='ocr-system' content='tesseract 3.04.00' />
  <meta name='ocr-capabilities' content='ocr_page ocr_carea ocr_par ocr_line ocrx_word'/>
</head>
<body>
  <div class='ocr_page' id='page_1' title='image "andriaadelphique00tere_0147.png"; bbox 0 0 1648 2738; ppageno 0'>
   <div class='ocr_carea' id='block_1_1' title="bbox 427 103 1495 152">
    <p class='ocr_par' dir='ltr' id='par_1_1' title="bbox 427 103 1495 152">
     <span class='ocr_line' id='line_1_1' title="bbox 427 103 1495 152; baseline -0.002 -1"><span class='ocrx_word' id='word_1_1' title='bbox 427 114 679 152; x_wconf 73' lang='lat' dir='ltr'><strong>ADELPffl.</strong></span> <span class='ocrx_word' id='word_1_2' title='bbox 730 114 833 149; x_wconf 65' lang='lat' dir='ltr'>Aer.</span> <span class='ocrx_word' id='word_1_3' title='bbox 856 112 901 148; x_wconf 83' lang='lat' dir='ltr'>V.</span> <span class='ocrx_word' id='word_1_4' title='bbox 935 113 1061 148; x_wconf 70' lang='lat' dir='ltr'>scm.</span> <span class='ocrx_word' id='word_1_5' title='bbox 1079 112 1113 148; x_wconf 88' lang='lat'>9.</span> <span class='ocrx_word' id='word_1_6' title='bbox 1406 103 1495 149; x_wconf 81' lang='lat'>141</span> 
     </span>
    </p>
   </div>
   <div class='ocr_carea' id='block_1_2' title="bbox 112 233 1522 2478">
    <p class='ocr_par' dir='ltr' id='par_1_2' title="bbox 114 233 1501 384">
     <span class='ocr_line' id='line_1_2' title="bbox 114 233 1425 299; baseline -0.01 -8"><span class='ocrx_word' id='word_1_7' title='bbox 114 243 204 291; x_wconf 87' lang='lat' dir='ltr'>De.</span> <span class='ocrx_word' id='word_1_8' title='bbox 241 242 505 299; x_wconf 85' lang='lat' dir='ltr'>Postremo,</span> <span class='ocrx_word' id='word_1_9' title='bbox 531 238 689 295; x_wconf 88' lang='lat' dir='ltr'>hodie,</span> <span class='ocrx_word' id='word_1_10' title='bbox 711 237 759 282; x_wconf 89' lang='lat' dir='ltr'>in</span> <span class='ocrx_word' id='word_1_11' title='bbox 782 235 977 298; x_wconf 72' lang='lat' dir='ltr'>psaltria</span> <span class='ocrx_word' id='word_1_12' title='bbox 992 235 1082 280; x_wconf 87' lang='lat' dir='ltr'>hac</span> <span class='ocrx_word' id='word_1_13' title='bbox 1102 233 1326 291; x_wconf 69' lang='lat' dir='ltr'>emunda,</span> <span class='ocrx_word' id='word_1_14' title='bbox 1347 233 1425 279; x_wconf 91' lang='lat' dir='ltr'>hic</span> 
     </span>
     <span class='ocr_line' id='line_1_3' title="bbox 308 314 1501 384; baseline -0.014 -15"><span class='ocrx_word' id='word_1_15' title='bbox 308 321 492 384; x_wconf 87' lang='lat' dir='ltr'>adjutor</span> <span class='ocrx_word' id='word_1_16' title='bbox 519 320 620 377; x_wconf 81' lang='lat' dir='ltr'>fuit,</span> <span class='ocrx_word' id='word_1_17' title='bbox 1451 314 1501 353; x_wconf 87' lang='grc'>10</span> 
     </span>
    </p>

    <p class='ocr_par' dir='ltr' id='par_1_3' title="bbox 112 393 1427 530">
     <span class='ocr_line' id='line_1_4' title="bbox 112 393 1427 462; baseline -0.011 -10"><span class='ocrx_word' id='word_1_18' title='bbox 112 404 210 452; x_wconf 90' lang='lat' dir='ltr'>Hic</span> <span class='ocrx_word' id='word_1_19' title='bbox 235 402 448 450; x_wconf 88' lang='lat' dir='ltr'>curavit:</span> <span class='ocrx_word' id='word_1_20' title='bbox 484 400 708 462; x_wconf 80' lang='lat' dir='ltr'>prodesse</span> <span class='ocrx_word' id='word_1_21' title='bbox 749 413 936 458; x_wconf 63' lang='lat' dir='ltr'>{equum</span> <span class='ocrx_word' id='word_1_22' title='bbox 969 398 1053 442; x_wconf 89' lang='lat' dir='ltr'>&#39;st:</span> <span class='ocrx_word' id='word_1_23' title='bbox 1093 395 1171 441; x_wconf 87' lang='lat' dir='ltr'>aili</span> <span class='ocrx_word' id='word_1_24' title='bbox 1208 393 1427 440; x_wconf 86' lang='lat' dir='ltr'>meliores</span> 
     </span>
     <span class='ocr_line' id='line_1_5' title="bbox 309 490 461 530; baseline 0 -1"><span class='ocrx_word' id='word_1_25' title='bbox 309 490 461 530; x_wconf 85' lang='lat' dir='ltr'>erunt.</span> 
     </span>
    </p>

    <p class='ocr_par' dir='ltr' id='par_1_4' title="bbox 113 554 1427 704">
     <span class='ocr_line' id='line_1_6' title="bbox 113 554 1427 626; baseline -0.011 -13"><span class='ocrx_word' id='word_1_26' title='bbox 113 565 335 626; x_wconf 87' lang='lat' dir='ltr'>Denique</span> <span class='ocrx_word' id='word_1_27' title='bbox 375 563 454 609; x_wconf 89' lang='lat' dir='ltr'>hic</span> <span class='ocrx_word' id='word_1_28' title='bbox 479 561 575 608; x_wconf 93' lang='lat' dir='ltr'>volt</span> <span class='ocrx_word' id='word_1_29' title='bbox 609 559 723 606; x_wconf 86' lang='lat' dir='ltr'>fieri.</span> <span class='ocrx_word' id='word_1_30' title='bbox 794 558 883 604; x_wconf 78' lang='lat' dir='ltr'>Mi.</span> <span class='ocrx_word' id='word_1_31' title='bbox 922 557 1031 604; x_wconf 87' lang='lat' dir='ltr'>Vin’</span> <span class='ocrx_word' id='word_1_32' title='bbox 1070 566 1121 602; x_wconf 87' lang='lat' dir='ltr'>tu</span> <span class='ocrx_word' id='word_1_33' title='bbox 1164 556 1255 601; x_wconf 91' lang='lat' dir='ltr'>hoc</span> <span class='ocrx_word' id='word_1_34' title='bbox 1291 554 1427 601; x_wconf 47' lang='lat' dir='ltr'>fieri&amp;</span> 
     </span>
     <span class='ocr_line' id='line_1_7' title="bbox 309 637 1105 704; baseline -0.013 -13"><span class='ocrx_word' id='word_1_35' title='bbox 309 644 422 691; x_wconf 87' lang='lat' dir='ltr'>AEs.</span> <span class='ocrx_word' id='word_1_36' title='bbox 461 642 633 704; x_wconf 90' lang='lat' dir='ltr'>Cupio.</span> <span class='ocrx_word' id='word_1_37' title='bbox 704 639 800 686; x_wconf 53' lang='lat' dir='ltr'>MzU</span> <span class='ocrx_word' id='word_1_38' title='bbox 833 638 888 684; x_wconf 88' lang='lat' dir='ltr'>Si</span> <span class='ocrx_word' id='word_1_39' title='bbox 913 637 1105 698; x_wconf 90' lang='lat' dir='ltr'>quidem</span> 
     </span>
    </p>

    <p class='ocr_par' dir='ltr' id='par_1_5' title="bbox 113 716 1431 866">
     <span class='ocr_line' id='line_1_8' title="bbox 113 716 1431 787; baseline -0.01 -13"><span class='ocrx_word' id='word_1_40' title='bbox 113 727 195 774; x_wconf 89' lang='lat' dir='ltr'>Tu</span> <span class='ocrx_word' id='word_1_41' title='bbox 242 727 327 785; x_wconf 90' lang='lat' dir='ltr'>vis,</span> <span class='ocrx_word' id='word_1_42' title='bbox 377 725 510 787; x_wconf 82' lang='lat' dir='ltr'><strong>Syre,</strong></span> <span class='ocrx_word' id='word_1_43' title='bbox 548 723 666 769; x_wconf 73' lang='lat' dir='ltr'>eho!</span> <span class='ocrx_word' id='word_1_44' title='bbox 722 720 901 767; x_wconf 82' lang='lat' dir='ltr'>accede</span> <span class='ocrx_word' id='word_1_45' title='bbox 942 719 1037 764; x_wconf 89' lang='lat' dir='ltr'>huc</span> <span class='ocrx_word' id='word_1_46' title='bbox 1076 717 1133 764; x_wconf 88' lang='lat' dir='ltr'>ad</span> <span class='ocrx_word' id='word_1_47' title='bbox 1173 733 1275 763; x_wconf 86' lang='lat' dir='ltr'>me:</span> <span class='ocrx_word' id='word_1_48' title='bbox 1312 716 1431 762; x_wconf 90' lang='lat' dir='ltr'>liber</span> 
     </span>
     <span class='ocr_line' id='line_1_9' title="bbox 310 800 921 866; baseline -0.011 -14"><span class='ocrx_word' id='word_1_49' title='bbox 310 814 425 853; x_wconf 87' lang='lat' dir='ltr'>est0.</span> <span class='ocrx_word' id='word_1_50' title='bbox 495 804 581 866; x_wconf 77' lang='lat' dir='ltr'>Sy.</span> <span class='ocrx_word' id='word_1_51' title='bbox 619 803 751 850; x_wconf 84' lang='lat' dir='ltr'>Bene</span> <span class='ocrx_word' id='word_1_52' title='bbox 776 800 921 847; x_wconf 83' lang='lat' dir='ltr'>facis:</span> 
     </span>
    </p>

    <p class='ocr_par' dir='ltr' id='par_1_6' title="bbox 115 877 1432 1023">
     <span class='ocr_line' id='line_1_10' title="bbox 115 877 1432 949; baseline -0.01 -14"><span class='ocrx_word' id='word_1_53' title='bbox 115 886 354 935; x_wconf 88' lang='lat' dir='ltr'><strong>Omnibus</strong></span> <span class='ocrx_word' id='word_1_54' title='bbox 395 884 595 949; x_wconf 82' lang='lat' dir='ltr'>gratiam</span> <span class='ocrx_word' id='word_1_55' title='bbox 633 883 818 938; x_wconf 79' lang='lat' dir='ltr'>habeo3</span> <span class='ocrx_word' id='word_1_56' title='bbox 855 888 903 927; x_wconf 90' lang='lat' dir='ltr'>et</span> <span class='ocrx_word' id='word_1_57' title='bbox 942 894 1157 926; x_wconf 87' lang='lat' dir='ltr'>seorsum</span> <span class='ocrx_word' id='word_1_58' title='bbox 1198 877 1285 924; x_wconf 85' lang='lat' dir='ltr'>tibi</span> <span class='ocrx_word' id='word_1_59' title='bbox 1315 892 1432 939; x_wconf 88' lang='lat' dir='ltr'>prae·</span> 
     </span>
     <span class='ocr_line' id='line_1_11' title="bbox 315 964 685 1023; baseline -0.008 -10"><span class='ocrx_word' id='word_1_60' title='bbox 315 975 462 1023; x_wconf 84' lang='lat' dir='ltr'>terea,</span> <span class='ocrx_word' id='word_1_61' title='bbox 488 964 685 1012; x_wconf 82' lang='lat' dir='ltr'>Demea.</span> 
     </span>
    </p>

    <p class='ocr_par' dir='ltr' id='par_1_7' title="bbox 118 1036 1513 1188">
     <span class='ocr_line' id='line_1_12' title="bbox 118 1036 1437 1105; baseline -0.011 -9"><span class='ocrx_word' id='word_1_62' title='bbox 118 1048 209 1096; x_wconf 87' lang='lat' dir='ltr'>De.</span> <span class='ocrx_word' id='word_1_63' title='bbox 248 1046 463 1095; x_wconf 83' lang='lat' dir='ltr'>Gaudeo.</span> <span class='ocrx_word' id='word_1_64' title='bbox 545 1044 658 1092; x_wconf 85' lang='lat' dir='ltr'>AEs.</span> <span class='ocrx_word' id='word_1_65' title='bbox 697 1043 760 1089; x_wconf 89' lang='lat' dir='ltr'>Et</span> <span class='ocrx_word' id='word_1_66' title='bbox 797 1057 901 1105; x_wconf 85' lang='lat' dir='ltr'>ego.</span> <span class='ocrx_word' id='word_1_67' title='bbox 972 1040 1058 1102; x_wconf 77' lang='lat' dir='ltr'>Sy.</span> <span class='ocrx_word' id='word_1_68' title='bbox 1095 1038 1267 1085; x_wconf 87' lang='lat' dir='ltr'>Credo.</span> <span class='ocrx_word' id='word_1_69' title='bbox 1337 1036 1437 1083; x_wconf 88' lang='lat' dir='ltr'>Uti-</span> 
     </span>
     <span class='ocr_line' id='line_1_13' title="bbox 314 1119 1513 1188; baseline -0.01 -14"><span class='ocrx_word' id='word_1_70' title='bbox 314 1143 425 1175; x_wconf 88' lang='lat' dir='ltr'>nam</span> <span class='ocrx_word' id='word_1_71' title='bbox 449 1127 542 1173; x_wconf 94' lang='lat' dir='ltr'>hoc</span> <span class='ocrx_word' id='word_1_72' title='bbox 565 1133 846 1188; x_wconf 88' lang='lat' dir='ltr'>perpetuum</span> <span class='ocrx_word' id='word_1_73' title='bbox 872 1122 953 1168; x_wconf 87' lang='lat' dir='ltr'>fiat</span> <span class='ocrx_word' id='word_1_74' title='bbox 976 1119 1220 1183; x_wconf 82' lang='lat' dir='ltr'>gaudium,</span> <span class='ocrx_word' id='word_1_75' title='bbox 1464 1125 1513 1163; x_wconf 82' lang='lat'>15</span> 
     </span>
    </p>

    <p class='ocr_par' dir='ltr' id='par_1_8' title="bbox 120 1197 1434 1336">
     <span class='ocr_line' id='line_1_14' title="bbox 120 1197 1434 1272; baseline -0.011 -16"><span class='ocrx_word' id='word_1_76' title='bbox 120 1208 376 1272; x_wconf 84' lang='lat' dir='ltr'>Phrygiam</span> <span class='ocrx_word' id='word_1_77' title='bbox 400 1215 452 1254; x_wconf 92' lang='lat' dir='ltr'>ut</span> <span class='ocrx_word' id='word_1_78' title='bbox 476 1221 672 1253; x_wconf 87' lang='lat' dir='ltr'>uxorem</span> <span class='ocrx_word' id='word_1_79' title='bbox 696 1219 850 1250; x_wconf 88' lang='lat' dir='ltr'>meam</span> <span class='ocrx_word' id='word_1_80' title='bbox 888 1201 985 1248; x_wconf 67' lang='lat' dir='ltr'>una</span> <span class='ocrx_word' id='word_1_81' title='bbox 1022 1215 1213 1246; x_wconf 86' lang='lat' dir='ltr'>mecum</span> <span class='ocrx_word' id='word_1_82' title='bbox 1247 1197 1434 1244; x_wconf 84' lang='lat' dir='ltr'>videam</span> 
     </span>
     <span class='ocr_line' id='line_1_15' title="bbox 316 1288 530 1336; baseline -0.009 0"><span class='ocrx_word' id='word_1_83' title='bbox 316 1288 530 1336; x_wconf 87' lang='lat' dir='ltr'>liberam.</span> 
     </span>
    </p>

    <p class='ocr_par' dir='ltr' id='par_1_9' title="bbox 123 1360 1440 1511">
     <span class='ocr_line' id='line_1_16' title="bbox 123 1360 1440 1432; baseline -0.011 -13"><span class='ocrx_word' id='word_1_84' title='bbox 123 1371 215 1418; x_wconf 80' lang='lat' dir='ltr'>De.</span> <span class='ocrx_word' id='word_1_85' title='bbox 241 1369 503 1432; x_wconf 86' lang='lat' dir='ltr'>Optumam</span> <span class='ocrx_word' id='word_1_86' title='bbox 518 1367 711 1430; x_wconf 90' lang='lat' dir='ltr'>quidem</span> <span class='ocrx_word' id='word_1_87' title='bbox 727 1365 990 1412; x_wconf 89' lang='lat' dir='ltr'>mulierem.</span> <span class='ocrx_word' id='word_1_88' title='bbox 1050 1362 1134 1424; x_wconf 75' lang='lat' dir='ltr'>Sy.</span> <span class='ocrx_word' id='word_1_89' title='bbox 1172 1360 1235 1408; x_wconf 85' lang='lat' dir='ltr'>Et</span> <span class='ocrx_word' id='word_1_90' title='bbox 1250 1360 1440 1422; x_wconf 88' lang='lat' dir='ltr'>quidem</span> 
     </span>
     <span class='ocr_line' id='line_1_17' title="bbox 319 1445 909 1511; baseline -0.012 -14"><span class='ocrx_word' id='word_1_91' title='bbox 319 1459 402 1497; x_wconf 89' lang='lat' dir='ltr'>tuo</span> <span class='ocrx_word' id='word_1_92' title='bbox 426 1448 604 1511; x_wconf 88' lang='lat' dir='ltr'>nepoti,</span> <span class='ocrx_word' id='word_1_93' title='bbox 631 1446 771 1509; x_wconf 87' lang='lat' dir='ltr'>hujus</span> <span class='ocrx_word' id='word_1_94' title='bbox 796 1445 909 1502; x_wconf 90' lang='lat' dir='ltr'>filio,</span> 
     </span>
    </p>

    <p class='ocr_par' dir='ltr' id='par_1_10' title="bbox 126 1521 1443 1668">
     <span class='ocr_line' id='line_1_18' title="bbox 126 1521 1443 1594; baseline -0.009 -15"><span class='ocrx_word' id='word_1_95' title='bbox 126 1532 287 1579; x_wconf 86' lang='lat' dir='ltr'>Hodie</span> <span class='ocrx_word' id='word_1_96' title='bbox 310 1530 509 1594; x_wconf 85' lang='lat' dir='ltr'>primam</span> <span class='ocrx_word' id='word_1_97' title='bbox 527 1542 779 1575; x_wconf 88' lang='lat' dir='ltr'>mammam</span> <span class='ocrx_word' id='word_1_98' title='bbox 798 1526 928 1572; x_wconf 83' lang='lat' dir='ltr'>dedit</span> <span class='ocrx_word' id='word_1_99' title='bbox 943 1525 1060 1572; x_wconf 87' lang='lat' dir='ltr'>haec.</span> <span class='ocrx_word' id='word_1_100' title='bbox 1131 1522 1224 1570; x_wconf 81' lang='lat' dir='ltr'>De.</span> <span class='ocrx_word' id='word_1_101' title='bbox 1263 1521 1443 1568; x_wconf 81' lang='lat' dir='ltr'>Hercle</span> 
     </span>
     <span class='ocr_line' id='line_1_19' title="bbox 322 1610 596 1668; baseline -0.011 -10"><span class='ocrx_word' id='word_1_102' title='bbox 322 1627 431 1658; x_wconf 88' lang='lat' dir='ltr'>vero</span> <span class='ocrx_word' id='word_1_103' title='bbox 456 1610 596 1668; x_wconf 90' lang='lat' dir='ltr'>serio,</span> 
     </span>
    </p>

    <p class='ocr_par' dir='ltr' id='par_1_11' title="bbox 128 1682 1445 1832">
     <span class='ocr_line' id='line_1_20' title="bbox 128 1682 1445 1755; baseline -0.009 -15"><span class='ocrx_word' id='word_1_104' title='bbox 128 1694 182 1741; x_wconf 84' lang='lat' dir='ltr'>Si</span> <span class='ocrx_word' id='word_1_105' title='bbox 228 1691 418 1755; x_wconf 88' lang='lat' dir='ltr'>quidem</span> <span class='ocrx_word' id='word_1_106' title='bbox 464 1690 664 1752; x_wconf 91' lang='lat' dir='ltr'>primam</span> <span class='ocrx_word' id='word_1_107' title='bbox 710 1688 855 1746; x_wconf 89' lang='lat' dir='ltr'>dedit,</span> <span class='ocrx_word' id='word_1_108' title='bbox 904 1687 1029 1733; x_wconf 86' lang='lat' dir='ltr'>haud</span> <span class='ocrx_word' id='word_1_109' title='bbox 1075 1685 1289 1742; x_wconf 85' lang='lat' dir='ltr'>dubium,</span> <span class='ocrx_word' id='word_1_110' title='bbox 1331 1682 1445 1744; x_wconf 89' lang='lat' dir='ltr'>quin</span> 
     </span>
     <span class='ocr_line' id='line_1_21' title="bbox 325 1769 816 1832; baseline -0.008 -13"><span class='ocrx_word' id='word_1_111' title='bbox 325 1772 478 1819; x_wconf 81' lang='lat' dir='ltr'>emitti</span> <span class='ocrx_word' id='word_1_112' title='bbox 503 1786 689 1832; x_wconf 86' lang='lat' dir='ltr'>aequom</span> <span class='ocrx_word' id='word_1_113' title='bbox 715 1769 816 1816; x_wconf 89' lang='lat' dir='ltr'>siet.</span> 
     </span>
    </p>

    <p class='ocr_par' dir='ltr' id='par_1_12' title="bbox 130 1847 1522 1996">
     <span class='ocr_line' id='line_1_22' title="bbox 130 1847 1450 1903; baseline -0.009 -1"><span class='ocrx_word' id='word_1_114' title='bbox 130 1855 218 1903; x_wconf 75' lang='lat' dir='ltr'>Mi.</span> <span class='ocrx_word' id='word_1_115' title='bbox 255 1854 335 1901; x_wconf 92' lang='lat' dir='ltr'>Ob</span> <span class='ocrx_word' id='word_1_116' title='bbox 358 1868 465 1900; x_wconf 85' lang='lat' dir='ltr'>eam</span> <span class='ocrx_word' id='word_1_117' title='bbox 506 1852 637 1898; x_wconf 67' lang='lat' dir='ltr'>rem?</span> <span class='ocrx_word' id='word_1_118' title='bbox 708 1850 799 1897; x_wconf 78' lang='lat' dir='ltr'>De.</span> <span class='ocrx_word' id='word_1_119' title='bbox 836 1848 915 1895; x_wconf 92' lang='lat' dir='ltr'>Ob</span> <span class='ocrx_word' id='word_1_120' title='bbox 951 1864 1068 1895; x_wconf 85' lang='lat' dir='ltr'>eam.</span> <span class='ocrx_word' id='word_1_121' title='bbox 1140 1847 1386 1893; x_wconf 86' lang='lat' dir='ltr'>Postremo</span> <span class='ocrx_word' id='word_1_122' title='bbox 1423 1859 1450 1890; x_wconf 85' lang='lat' dir='ltr'>a</span> 
     </span>
     <span class='ocr_line' id='line_1_23' title="bbox 327 1928 1522 1996; baseline -0.008 -16"><span class='ocrx_word' id='word_1_123' title='bbox 327 1950 402 1981; x_wconf 93' lang='lat' dir='ltr'>me</span> <span class='ocrx_word' id='word_1_124' title='bbox 428 1941 691 1996; x_wconf 84' lang='lat' dir='ltr'>argentum,</span> <span class='ocrx_word' id='word_1_125' title='bbox 718 1930 881 1992; x_wconf 88' lang='lat' dir='ltr'>quanti</span> <span class='ocrx_word' id='word_1_126' title='bbox 906 1939 992 1987; x_wconf 89' lang='lat' dir='ltr'>est,</span> <span class='ocrx_word' id='word_1_127' title='bbox 1019 1928 1206 1975; x_wconf 87' lang='lat' dir='ltr'>sumito.</span> <span class='ocrx_word' id='word_1_128' title='bbox 1472 1940 1522 1980; x_wconf 78' lang='lat'>20</span> 
     </span>
    </p>

    <p class='ocr_par' dir='ltr' id='par_1_13' title="bbox 132 2004 1450 2157">
     <span class='ocr_line' id='line_1_24' title="bbox 132 2004 1450 2079; baseline -0.01 -16"><span class='ocrx_word' id='word_1_129' title='bbox 132 2017 217 2079; x_wconf 78' lang='lat' dir='ltr'>Sy.</span> <span class='ocrx_word' id='word_1_130' title='bbox 255 2015 320 2062; x_wconf 79' lang='lat' dir='ltr'>Di</span> <span class='ocrx_word' id='word_1_131' title='bbox 345 2013 448 2071; x_wconf 91' lang='lat' dir='ltr'>tibi,</span> <span class='ocrx_word' id='word_1_132' title='bbox 485 2012 685 2071; x_wconf 68' lang='lat' dir='ltr'>Demea,</span> <span class='ocrx_word' id='word_1_133' title='bbox 722 2026 823 2067; x_wconf 87' lang='lat' dir='ltr'>oro,</span> <span class='ocrx_word' id='word_1_134' title='bbox 864 2024 1028 2056; x_wconf 91' lang='lat' dir='ltr'>omnes</span> <span class='ocrx_word' id='word_1_135' title='bbox 1069 2022 1254 2069; x_wconf 84' lang='lat' dir='ltr'>semper</span> <span class='ocrx_word' id='word_1_136' title='bbox 1289 2004 1450 2052; x_wconf 85' lang='lat' dir='ltr'>omnia</span> 
     </span>
     <span class='ocr_line' id='line_1_25' title="bbox 331 2093 727 2157; baseline -0.01 -16"><span class='ocrx_word' id='word_1_137' title='bbox 331 2102 492 2157; x_wconf 85' lang='lat' dir='ltr'>optata</span> <span class='ocrx_word' id='word_1_138' title='bbox 515 2093 727 2138; x_wconf 85' lang='lat' dir='ltr'>offerant.</span> 
     </span>
    </p>

    <p class='ocr_par' dir='ltr' id='par_1_14' title="bbox 134 2163 1448 2318">
     <span class='ocr_line' id='line_1_26' title="bbox 134 2163 1448 2238; baseline -0.011 -14"><span class='ocrx_word' id='word_1_139' title='bbox 134 2177 223 2225; x_wconf 75' lang='lat' dir='ltr'>Mi.</span> <span class='ocrx_word' id='word_1_140' title='bbox 278 2176 412 2238; x_wconf 87' lang='lat' dir='ltr'>Syre,</span> <span class='ocrx_word' id='word_1_141' title='bbox 458 2172 732 2235; x_wconf 84' lang='lat' dir='ltr'>processisti</span> <span class='ocrx_word' id='word_1_142' title='bbox 778 2171 919 2216; x_wconf 88' lang='lat' dir='ltr'>hodie</span> <span class='ocrx_word' id='word_1_143' title='bbox 965 2169 1175 2232; x_wconf 91' lang='lat' dir='ltr'>pulchre.</span> <span class='ocrx_word' id='word_1_144' title='bbox 1266 2165 1359 2212; x_wconf 84' lang='lat' dir='ltr'>De.</span> <span class='ocrx_word' id='word_1_145' title='bbox 1397 2163 1448 2210; x_wconf 78' lang='lat' dir='ltr'>Si</span> 
     </span>
     <span class='ocr_line' id='line_1_27' title="bbox 331 2251 899 2318; baseline -0.011 -16"><span class='ocrx_word' id='word_1_146' title='bbox 331 2254 522 2318; x_wconf 88' lang='lat' dir='ltr'>quidem</span> <span class='ocrx_word' id='word_1_147' title='bbox 545 2268 703 2315; x_wconf 90' lang='lat' dir='ltr'>porro,</span> <span class='ocrx_word' id='word_1_148' title='bbox 730 2251 899 2308; x_wconf 89' lang='lat' dir='ltr'>Micio,</span> 
     </span>
    </p>

    <p class='ocr_par' dir='ltr' id='par_1_15' title="bbox 137 2326 1451 2478">
     <span class='ocr_line' id='line_1_28' title="bbox 137 2326 1451 2393; baseline -0.011 -7"><span class='ocrx_word' id='word_1_149' title='bbox 137 2338 218 2387; x_wconf 85' lang='lat' dir='ltr'>Tu</span> <span class='ocrx_word' id='word_1_150' title='bbox 242 2346 376 2384; x_wconf 86' lang='lat' dir='ltr'>tuum</span> <span class='ocrx_word' id='word_1_151' title='bbox 401 2335 610 2381; x_wconf 89' lang='lat' dir='ltr'>officium</span> <span class='ocrx_word' id='word_1_152' title='bbox 636 2332 799 2390; x_wconf 78' lang='lat' dir='ltr'>facies,</span> <span class='ocrx_word' id='word_1_153' title='bbox 827 2343 967 2393; x_wconf 90' lang='lat' dir='ltr'>atque</span> <span class='ocrx_word' id='word_1_154' title='bbox 991 2331 1104 2376; x_wconf 89' lang='lat' dir='ltr'>huic</span> <span class='ocrx_word' id='word_1_155' title='bbox 1130 2326 1306 2389; x_wconf 89' lang='lat' dir='ltr'>aliquid</span> <span class='ocrx_word' id='word_1_156' title='bbox 1338 2340 1451 2387; x_wconf 88' lang='lat' dir='ltr'>pau-</span> 
     </span>
     <span class='ocr_line' id='line_1_29' title="bbox 333 2416 772 2478; baseline -0.009 -13"><span class='ocrx_word' id='word_1_157' title='bbox 333 2416 483 2466; x_wconf 91' lang='lat' dir='ltr'>lulum</span> <span class='ocrx_word' id='word_1_158' title='bbox 505 2430 602 2478; x_wconf 88' lang='lat' dir='ltr'>prae</span> <span class='ocrx_word' id='word_1_159' title='bbox 627 2429 772 2461; x_wconf 89' lang='lat' dir='ltr'>manu</span> 
     </span>
    </p>
   </div>
  </div>
 </body>
</html>
