1648 2738
389 130 642 168 ADELPHI.
693 131 795 166 Aer.
815 128 885 164 ΙΙΙ.
920 128 1047 164 SCEN.
1065 127 1100 162 2.
1401 119 1465 166 97

82 253 214 303 Nihil
240 264 311 302 est
335 255 460 316 quod
485 254 663 312 malim,
690 268 831 314 quam
851 251 977 298 illam
997 258 1145 296 totam
1164 247 1389 295 familiam

274 336 389 382 mihi
414 336 515 382 dari
540 335 744 392 obviam,

84 416 143 464 Ut
167 432 257 479 ego
283 416 399 462 iram
425 416 549 462 hano
575 415 623 461 in
659 430 740 461 eos
773 427 987 460 evomam
1029 426 1236 469 omnem,
1273 409 1386 456 dum

275 496 504 559 aegritudo
529 496 632 542 haeo
656 503 726 541 est
751 508 930 541 reeens.

80 577 207 624 Satis
231 577 348 623 mihi
373 577 418 623 id
446 577 645 623 habeam
662 574 897 638 supplicii,
919 572 1031 618 dum
1056 571 1160 618 illos
1185 571 1389 618 ulciscar

277 657 429 704 modo.
691 679 696 684 ·
1419 658 1468 696 15

81 737 199 784 Seni
225 738 430 784 animam
453 737 659 795 primum
684 735 1033 798 exstinguerem
1052 733 1156 795 ipsi,
1174 732 1254 794 qui
1276 732 1388 778 illud

274 818 497 880 produxit
522 817 677 863 scelus
697 833 705 862 :

79 897 210 944 Tum
258 906 413 944 autern
461 898 631 959 Syrum
680 896 1001 957 impulsorem,
1047 895 1163 941 vahl
1223 893 1393 955 quibus

278 978 408 1025 illum
433 978 693 1024 lacerarem
719 976 869 1022 modis
891 977 900 1022 1

81 1059 344 1106 Sublimem
372 1059 577 1104 medium
607 1057 876 1118 arriperem,
911 1066 958 1102 et
993 1055 1148 1117 eapite
1187 1055 1391 1118 primum

279 1141 325 1186 in
351 1149 522 1186 terram
550 1147 819 1195 statuerem,

85 1220 144 1267 Ut
169 1221 366 1266 cerebro
391 1220 631 1282 dispergat
656 1219 791 1265 viam.

82 1301 394 1348 Adolescenti
420 1301 506 1363 ipsi
532 1301 762 1362 eriperem
788 1299 980 1345 oculos:
1017 1307 1121 1360 post
1156 1298 1258 1344 haeo
1282 1313 1396 1360 prae-

278 1382 471 1444 cipitern
497 1382 672 1427 darem.
1422 1393 1472 1431 ρο

83 1461 283 1509 Ceteros
306 1478 509 1518 ruerem,
539 1477 742 1524 agerem,
781 1476 1010 1522 raperem,
1047 1460 1313 1515 tunderem,
1350 1469 1397 1504 et

279 1553 640 1604 prosternerem.

83 1621 181 1669 Sed
218 1638 354 1669 cesso
400 1622 560 1668 heram
609 1621 698 1666 hoo
737 1620 861 1666 malo
900 1620 1129 1682 impertiri
1163 1621 1395 1682 propere?

280 1702 355 1748 So.
394 1703 712 1748 Revocemus.
783 1701 935 1747 Geta!

87 1782 170 1829 Ge.
210 1782 363 1828 Hem!
401 1782 613 1843 quisquis
645 1798 711 1840 eS,
750 1782 850 1826 sine
876 1796 965 1827 me.
1035 1780 1113 1826 So.
1152 1779 1258 1842 Ego
1294 1795 1395 1824 sum

281 1863 507 1908 Sostrata.
584 1861 665 1907 Ge.
715 1860 807 1907 Ubi
856 1876 912 1906 ea
958 1861 1064 1906 est?
1134 1859 1210 1905 Te
1248 1859 1394 1921 ipsam

279 1943 503 2004 quaerito:

82 2024 159 2071 Te
183 2034 431 2086 exspecto:
469 2024 643 2086 oppido
669 2032 935 2085 opportune
960 2030 1005 2067 te
1031 2021 1245 2067 obtulisti
1282 2021 1396 2067 mihi

279 2105 481 2163 obviam,

85 2185 229 2233 Hera.
300 2186 377 2232 So.
413 2185 547 2236 Quid
574 2187 680 2231 est?
727 2183 840 2245 quid
864 2183 1103 2245 trepidas?
1178 2183 1261 2229 Ge.
1301 2182 1396 2228 Hei

278 2266 393 2312 mihi
415 2267 423 2312 !
494 2268 570 2312 So.
607 2266 740 2315 Quid
770 2265 979 2324 festinas,
1005 2264 1069 2310 mi
1094 2265 1252 2311 Geta?
1423 2274 1474 2313 ‘25

90 2346 308 2394 Animam
334 2347 506 2408 recipe.
582 2345 666 2392 Ge.
704 2345 903 2391 Prorsus
939 2381 948 2391 .
988 2381 997 2391 .
1036 2382 1046 2391 .
1085 2378 1096 2389 .
1133 2343 1212 2390 So.
1260 2343 1395 2393 Quid

279 2426 401 2473 istuc
427 2432 456 2452 “
473 2442 665 2488 prorsus
685 2427 711 2447 ’²
739 2440 853 2489 ergo
878 2426 950 2471 ’st.
1025 2423 1109 2472 Ge.
1146 2421 1393 2471 Petimus!

340 2527 365 2555 'r
526 2508 558 2555 9
