1648 2738
425 89 644 127 ANDRIA.
697 88 799 124 Aer.
822 87 890 122 ΙΙΙ.
927 86 1106 122 Semnz.
1415 76 1477 126 41

94 214 173 263 Ne
216 223 268 262 tu
309 213 401 260 hoc
441 212 558 258 mihi
597 210 832 274 posterius
873 208 1022 266 dicas,
1062 206 1186 254 Davi
1227 207 1405 254 factum

289 294 508 352 consilio,
537 301 616 338 aut
639 291 774 337 dolis.

94 375 294 421 Prorsus
337 390 363 420 a
402 389 478 419 me
519 372 794 434 opinionem
835 369 959 414 hano
999 377 1131 414 tuam
1172 382 1275 414 esse
1316 383 1406 431 ego

290 463 492 500 amotam
516 452 637 498 volo,
1430 450 1481 491 30

94 535 165 581 Si.
202 535 341 582 Unde
365 534 413 580 id
449 533 579 580 sois?
649 532 749 578 Da.
789 529 983 588 Audivi,
1009 537 1056 576 et
1080 528 1255 576 eredo:
1289 527 1408 575 mul·

287 623 335 661 ta
359 621 651 660 concurrunt
675 611 832 670 simul,

92 695 196 746 Qui
217 695 541 757 conjecturam
561 694 685 739 hanc
705 708 834 738 nuno
859 691 997 738 facio.
1068 690 1098 737 J
1103 706 1176 737 am
1200 689 1407 753 primum

290 775 391 820 haec
415 790 465 820 se
490 790 516 820 e
540 773 789 835 Pamphilo

92 855 347 902 Gravidam
368 854 485 900 dixit
505 869 608 900 esse
631 870 640 899 :
678 853 920 899 inventum
942 853 999 898 'st
1019 851 1189 898 falsum
1211 867 1221 897 :
1256 866 1404 909 nuno,

286 943 535 996 postquam
560 934 688 979 videt

91 1015 298 1077 Nuptias
323 1014 452 1060 domi
479 1013 709 1075 apparari,
737 1013 880 1058 missa
902 1020 972 1058 est
999 1011 1172 1058 ancilla
1196 1011 1327 1057 illico
1390 1047 1393 1048 γ

92 1095 412 1142 Obstetricem
457 1093 734 1140 arcessitum
777 1093 833 1139 ad
875 1108 996 1150 eam,
1033 1100 1080 1138 et
1118 1107 1319 1154 puerum
1354 1099 1407 1138 ut

291 1175 475 1221 afferret
498 1174 652 1221 simul.
1430 1176 1480 1216 35

95 1255 204 1302 Hoc
227 1256 320 1302 nisi
343 1256 410 1313 fit,
435 1270 635 1317 puerum
660 1263 711 1300 ut
735 1263 786 1300 tu
812 1254 987 1312 videas,
1015 1252 1132 1299 nihil
1159 1261 1406 1299 moventur

286 1336 477 1398 nuptiae.

92 1416 162 1463 Si.
199 1415 337 1466 Quid
363 1415 462 1462 ais'!
500 1432 611 1462 eum
637 1415 936 1462 intellexeras

94 1495 148 1543 Id
183 1496 373 1543 consilii
410 1512 596 1558 capere,
622 1512 706 1542 cur
742 1511 838 1542 non
869 1495 985 1541 dixti
1011 1494 1247 1556 extemplo
1271 1493 1406 1540 Pam-

288 1577 456 1639 phsso?
1204 1591 1206 1593 ·

92 1656 196 1706 Da.
230 1656 360 1707 Quis
385 1656 529 1719 igitur
557 1672 666 1703 eum
694 1656 751 1702 ab
776 1656 856 1702 illa
895 1654 1133 1713 abstraxit,
1159 1654 1251 1701 nisi
1277 1655 1405 1718 ego?

287 1752 398 1783 nam
423 1752 589 1783 omnes
613 1752 700 1782 nos
725 1736 916 1797 quidem

93 1818 301 1876 ScimuS,
339 1834 479 1879 quam
515 1818 685 1864 misere
721 1818 845 1863 hano
893 1816 1088 1863 amarit:
1136 1832 1267 1862 nunc
1313 1815 1405 1862 sibi

287 1914 482 1944 uxorem
508 1897 697 1959 expetit.
1432 1911 1482 1940 a·

95 1978 338 2026 Postremo
374 1978 421 2024 id
457 1978 573 2024 mihi
598 1978 658 2024 da
681 1977 871 2041 negoti:
908 1986 959 2024 tu
983 1986 1142 2024 tamen
1168 1978 1293 2024 idem
1320 1977 1409 2023 has

204 2081 210 2087 ·
288 2058 478 2120 nuptias
682 2050 684 2054 ’

98 2139 245 2202 Perge
280 2139 436 2186 facere
471 2139 551 2197 ita,
577 2147 629 2185 ut
664 2138 808 2185 facis:
845 2147 892 2185 et
917 2139 964 2185 id
988 2154 1126 2201 spero
1163 2138 1406 2201 adjuturos

289 2219 431 2267 Deos,

95 2298 164 2347 Si.
200 2298 355 2345 Immo
394 2300 468 2346 abi
508 2300 664 2347 intro:
703 2299 768 2346 ibi
806 2315 882 2347 me
918 2300 1151 2362 opperire,
1192 2308 1239 2347 et
1277 2297 1406 2360 quod

288 2388 453 2444 parato
478 2396 597 2442 opus
621 2389 707 2439 est,
733 2396 860 2443 para.

484 2460 560 2508 4*
