1648 2738
131 75 222 123 130
517 79 773 119 ADELPHL
826 79 928 116 Αοτ.
946 77 994 113 v.
1028 76 1157 113 seme.
1174 75 1210 112 3.

200 209 289 256 Mi.
328 207 441 256 Non
468 222 653 269 aequum
680 204 829 263 dicis;
869 220 992 251 non:
1029 218 1140 250 nam
1165 209 1300 248 vetus
1335 199 1530 246 verbum

400 290 491 337 hoc
516 288 710 351 quidem
735 296 822 346 est,

201 372 495 420 Communia
519 387 622 417 esse
650 370 916 417 amicorum
942 368 1066 414 inter
1091 382 1142 412 se
1167 364 1343 411 omnia.

201 455 293 502 De.
332 454 511 501 Facete
533 453 543 500 !
580 467 712 498 nunc
737 451 929 497 demum
956 449 1089 496 istaec
1104 457 1217 495 nata
1240 447 1394 494 oratio
1413 455 1497 493 est.

126 537 176 577 20
201 536 290 584 Mi.
330 534 569 582 Ausculta
592 533 777 597 paucis,
805 531 897 579 nisi
923 531 1174 578 molestum
1202 537 1289 587 est,
1333 527 1530 575 Demea.

201 617 466 680 Principio,
493 616 533 663 si
559 616 607 662 id
632 624 679 662 te
705 614 906 673 mordet,
934 621 1142 660 sumtum
1169 610 1255 657 filii

200 699 366 749 Quem
392 698 590 757 faciunt,
616 712 776 760 quaeso
802 695 949 743 facito
975 695 1079 741 haec
1103 703 1265 740 tecum
1291 690 1502 755 cogites:

201 780 284 828 Tu
311 780 418 827 illos
442 780 561 828 duos
582 779 696 826 olim
721 794 809 841 pro
834 793 885 824 re
911 777 1113 824 tollebas
1138 775 1237 833 tua,

201 861 354 913 Quod
379 861 494 908 satis
517 861 719 924 putabas
743 869 826 906 tua
851 859 978 905 bona
1004 856 1236 904 ambobus
1264 855 1380 914 fore,

126 950 179 990 25
204 943 269 991 Et
294 959 369 991 me
395 952 493 990 tum
520 958 715 990 uxorem
742 939 1007 998 credidisti,
1033 938 1238 996 scilicet,

212 1025 516 1074 Ducturum:
572 1024 775 1072 eandem
832 1021 960 1069 illam
1008 1020 1242 1068 rationem
1292 1017 1535 1080 antiquam

402 1106 567 1154 obtine
588 1123 598 1154 ;

205 1189 468 1248 Conserva‚
494 1203 669 1251 quaere,
694 1202 840 1250 parce
863 1203 872 1233 :
911 1185 986 1232 fac
1012 1200 1153 1247 quam
1177 1182 1437 1247 plurimum

205 1271 308 1319 Illis
333 1270 573 1334 relinquas
594 1286 604 1317 ι
642 1268 842 1333 gloriam
868 1276 919 1314 tu
946 1267 1084 1314 istam
1109 1265 1288 1313 obtine.

206 1352 338 1413 Mea,
364 1369 468 1415 quae
493 1360 664 1416 praeter
689 1367 820 1414 spem
847 1348 1070 1406 evenere,
1096 1356 1291 1395 utantur
1315 1346 1434 1394 sine.

130 1446 181 1488 30
206 1435 283 1483 De
307 1434 494 1482 summa
519 1433 637 1481 nihil
665 1431 896 1480 decedet:
934 1430 1060 1494 quod
1087 1430 1202 1477 hinc
1228 1428 1503 1489 accesserit,

206 1517 262 1565 Id
289 1517 347 1564 de
372 1516 506 1564 lucro
528 1523 694 1579 putato
718 1530 823 1561 esse
847 1530 1003 1561 omne.
1075 1512 1198 1560 Haec
1223 1511 1263 1558 si
1288 1511 1418 1559 voles

206 1600 264 1647 In
294 1599 453 1647 animo
478 1615 587 1645 vere
614 1597 845 1661 cogitare,
871 1595 1073 1654 Demea,

207 1681 271 1729 Et
296 1681 430 1740 mihi,
457 1689 503 1728 et
527 1679 631 1739 tibi,
658 1687 705 1726 et
730 1677 823 1725 illis
848 1676 1079 1724 demseris
1103 1674 1386 1723 molestiam.

216 1763 300 1811 De.
340 1762 485 1810 Mitto
510 1778 609 1810 rem
633 1778 643 1808 :
683 1758 1086 1808 consuetudinem
1123 1757 1337 1821 ipsorum
1380 1794 1389 1804 .
1428 1794 1438 1804 .
1477 1794 1487 1804 .

406 1844 496 1892 Im.
534 1843 714 1890 Mane:

131 1934 182 1973 35
207 1926 325 1974 Scio
348 1944 356 1974 :
396 1926 519 1973 istuc
545 1925 685 1972 ibam.
758 1922 915 1970 Multa
940 1922 989 1969 in
1015 1920 1227 1979 homine,
1252 1919 1455 1977 Demea,

208 2010 361 2072 Signa
386 2008 564 2065 insunt,
590 2022 649 2053 ex
673 2005 845 2068 quibus
871 2003 1152 2067 conjectura
1178 2002 1318 2050 facile
1342 2001 1420 2059 fit;

208 2091 320 2138 Duo
345 2106 453 2136 cum
479 2089 602 2135 idem
630 2088 828 2145 faciunt,
855 2101 994 2148 saepe,
1021 2093 1072 2131 ut
1095 2083 1249 2146 possis
1273 2083 1451 2142 dicere,

210 2172 323 2219 Hoc
346 2170 461 2218 licet
488 2171 680 2232 impune
706 2169 864 2215 facere
888 2166 1019 2224 huic,
1047 2165 1115 2212 illi
1140 2181 1234 2211 non
1262 2164 1404 2212 licet:

210 2254 326 2301 Non
349 2252 477 2316 quod
502 2251 744 2298 dissimilis
769 2266 843 2296 res
867 2249 942 2308 sit,
964 2248 1046 2294 sed
1073 2247 1197 2309 quod
1224 2247 1278 2305 is,
1306 2245 1386 2308 qui
1407 2245 1536 2293 facit.

134 2342 185 2382 40
209 2335 337 2387 Quae
362 2350 454 2399 ego
479 2332 571 2380 illis
597 2333 752 2379 inesse
779 2331 934 2389 video,
961 2337 1012 2376 ut
1037 2327 1275 2375 confidam
1303 2327 1418 2385 sore,
