1648 2738
418 116 671 153 ADELPm.
724 116 825 153 Λετ.
847 117 912 153 [v.
947 118 1074 155 scm.
1093 119 1128 156 2.
1401 90 1500 161 '113

112 235 327 284 Produxe
375 238 575 286 aiebas?
657 240 742 302 Sy.
793 240 1028 288 Factum:
1089 258 1251 289 verum
1298 244 1424 291 venit

303 327 406 380 post
432 319 672 366 insaniens
694 337 703 366 ε

108 395 240 443 Nihil
257 400 484 460 pepercit.
544 400 656 446 Non
672 400 897 462 puduisse
917 402 1165 449 verberare
1181 403 1422 451 hominem

303 495 482 538 senem,

104 557 266 608 Quem
292 575 383 623 ego
421 561 561 608 modo
599 577 799 623 puerum
836 562 1071 610 tantillum
1115 563 1162 610 in
1204 564 1423 611 manibus

303 641 483 702 gestavi
510 642 659 688 meis?
680 657 684 662 ’

107 720 199 767 De.
238 721 420 778 Laude,
458 722 718 784 Ctesipho:
767 724 1020 784 patrissas:
1061 725 1153 783 abi,
1191 725 1339 772 virum
1377 735 1423 772 te

300 801 481 863 judico.
1447 806 1500 846 θῶ

107 879 191 942 Sy.
246 880 468 927 Laudas?
526 898 615 940 nae,
674 882 752 929 ille
798 884 1064 930 continebit
1109 883 1325 947 posthac,
1383 885 1422 931 si

304 962 469 1023 sapiet,
496 978 679 1008 manus.

115 1041 198 1088 De,
253 1042 474 1088 Fortiter.
568 1043 651 1104 Sy.
704 1043 970 1104 Pei-quam!
1032 1044 1143 1106 quia
1202 1045 1421 1092 miseram

302 1122 564 1180 mulierem,
591 1132 637 1169 et
662 1139 736 1169 me
762 1124 1014 1182 servolum,

103 1202 206 1252 Qui
253 1202 446 1248 referire
492 1219 587 1249 non
637 1203 885 1261 audebam,
934 1204 1084 1251 vicit:
1144 1204 1263 1251 hui!
1321 1220 1423 1266 per·

302 1282 484 1328 sortiter
505 1283 514 1329 ἒ

106 1363 199 1410 De.
237 1362 350 1409 Non
377 1363 530 1425 potuit
556 1364 751 1410 melius:
801 1364 943 1422 idem,
970 1365 1096 1427 quod
1134 1381 1240 1428 ego,
1261 1365 1421 1424 sentit,

300 1452 346 1490 te
372 1459 474 1490 esse
499 1444 612 1489 huie
638 1444 705 1490 rei
732 1454 889 1506 eaput.

107 1525 202 1571 Sed
228 1534 360 1571 estne
387 1525 526 1571 frater
551 1525 714 1572 intus?
783 1526 867 1587 Sy.
907 1526 1019 1572 Non
1045 1536 1128 1573 est.
1200 1527 1292 1573 De.
1329 1527 1423 1574 Ubi

303 1606 433 1651 illum
459 1622 682 1668 quaeram,
709 1607 884 1669 cogito.
1448 1611 1499 1671 30

109 1686 195 1749 Sy.
235 1687 352 1732 Scio
395 1686 473 1731 ubi
509 1686 600 1733 sit:
638 1702 800 1731 verum
838 1687 979 1732 hodie
1015 1703 1255 1747 nunquam
1293 1703 1424 1734 mon-

301 1767 473 1813 strabo.
544 1766 635 1813 De.
675 1766 828 1812 Hem!
883 1767 993 1828 quid
1037 1767 1143 1813 ais?
1211 1768 1296 1829 Sy.
1333 1767 1420 1814 Ita.

106 1849 199 1896 De.
237 1847 545 1894 Diminuetur
569 1847 656 1893 tibi
681 1847 872 1908 quidem
893 1848 989 1909 jam
1016 1849 1279 1894 cerebrum.
1335 1849 1419 1910 Sy.

300 1928 367 1975 At
391 1943 565 1974 nomen
590 1928 754 1974 neseio

106 2009 240 2056 Illius
264 2009 497 2065 hominis3
552 2008 633 2054 sed
658 2008 836 2054 -loeum
878 2008 1005 2066 novi,
1048 2008 1130 2054 ubi
1168 2009 1242 2056 sit.
1325 2009 1419 2056 De.

301 2089 396 2137 Dio
421 2105 535 2152 ergo
559 2089 735 2135 locum.

108 2172 194 2234 Sy.
230 2169 421 2217 Nostin'
447 2170 702 2231 porticum,
731 2169 853 2231 apud
879 2169 1148 2228 macellum,
1185 2169 1309 2216 hano
1344 2169 1424 2216 de-

305 2252 498 2297 orsum?
567 2250 661 2296 De.
697 2250 885 2300 Quidni
910 2251 1160 2298 noverim?

109 2333 195 2396 Sy.
231 2331 477 2380 Praeterito
502 2330 592 2376 hac
628 2332 759 2377 recta
796 2330 951 2392 platea
993 2346 1211 2377 sursum:
1247 2329 1328 2377 ubi
1362 2345 1420 2377 eo

306 2411 508 2470 veneris,
1444 2419 1497 2460 35

508 2489 612 2538 10*
