1648 2738
139 94 204 159 40
509 100 732 138 ANDmA.
785 99 889 135 Aer.
908 98 978 134 111.
1016 97 1146 135 Sem.
1163 96 1199 133 2.

140 239 198 280 15v
217 228 319 276 Da.
358 227 503 274 Certe
528 225 691 272 hercle
726 241 856 271 nune
892 223 973 270 hie
998 239 1048 269 se
1073 222 1204 285 ipsus
1241 220 1378 279 fallit,
1420 219 1547 267 haud

415 324 520 372 ego.
591 307 663 354 Si.
703 306 897 353 Edixin'
926 304 1051 351 tibi?

216 391 560 458 Interminatus
619 405 741 447 sum,
788 403 849 434 ne
908 387 1128 433 faceres?
1165 400 1282 431 num
1332 384 1547 431 veritus!

416 471 531 534 quid
554 470 738 518 rettulit
756 470 775 516 Τ

217 554 425 602 Credon'
453 552 541 599 tibi
567 552 678 611 hoe,
703 566 834 597 nune
858 548 1102 612 peperisse
1126 548 1253 594 hane
1278 562 1305 594 e
1330 545 1550 610 Pamphi-

416 634 464 681 lo
481 635 501 681 'l

217 717 320 765 Da.
358 716 549 774 Teneo,
586 714 701 777 quid
737 721 893 770 erret3
943 720 990 759 et
1033 710 1147 773 quid
1187 725 1341 774 agam,
1378 708 1547 755 habeo.

416 797 488 845 Si.
523 796 662 847 Quid
687 795 856 842 taces?

217 880 321 929 Da.
355 879 495 931 Quid
521 877 725 925 eredas?
765 875 900 938 quasi
925 891 1023 921 non
1043 873 1131 921 tibi
1155 871 1431 920 renuntiata
1455 871 1551 918 sint

417 961 540 1020 haee,
567 959 638 1006 sic
664 959 778 1006 fore.

138 1050 190 1091 20
216 1043 288 1092 Si.
327 1041 500 1090 Mihin’
524 1039 811 1103 quisquam?
882 1038 985 1085 Da.
1023 1037 1160 1084 Eho!
1201 1052 1260 1082 an
1285 1043 1388 1082 tute
1414 1033 1553 1082 intel-

413 1123 528 1171 lexti
552 1123 646 1169 hoe
673 1119 977 1168 assimulari‘?
1047 1119 1120 1165 Si.
1157 1117 1407 1164 Irrideor'!

216 1208 320 1256 Da.
357 1204 712 1253 Renuntiatum
750 1211 852 1250 est:
890 1217 1004 1248 nam
1041 1199 1123 1263 qui
1160 1199 1327 1246 isthaec
1362 1196 1451 1244 tibi
1484 1197 1554 1244 in-

414 1287 534 1333 cidit
557 1284 770 1348 suspicio
786 1285 804 1331 Τ

217 1370 290 1418 Si.
328 1374 358 1396 “
375 1366 559 1420 Qui?''
621 1365 734 1429 quia
778 1374 826 1412 te
871 1363 1055 1411 ndram.
1156 1362 1259 1409 Da.
1295 1359 1455 1412 Quasi
1500 1368 1553 1408 tu

416 1449 567 1508 dieas,
595 1448 775 1495 factum
801 1446 848 1493 id
874 1445 1080 1492 consilio
1104 1459 1228 1491 meo.

217 1533 289 1582 Si.
330 1533 476 1580 Certe
501 1530 629 1578 enim
655 1529 772 1576 seio.
843 1527 947 1575 Da.
985 1526 1102 1573 Non
1121 1525 1237 1572 satis
1260 1540 1336 1571 me
1358 1522 1555 1587 pernes·

416 1613 453 1661 ti
478 1612 640 1671 etiam,
667 1610 821 1673 qualis
846 1608 954 1668 sim,
981 1609 1131 1655 Simo.

219 1696 292 1745 Si.
329 1695 504 1759 Egone
528 1694 612 1741 te?
682 1692 786 1739 Da.
825 1690 922 1737 Sed
949 1689 988 1736 si
1013 1688 1128 1751 quid
1146 1703 1341 1735 narrare
1365 1685 1553 1749 occepi,

419 1776 653 1823 continuo
680 1773 783 1820 dari

139 1872 194 1914 25
218 1858 338 1908 Tibi
384 1858 528 1905 verba
576 1872 758 1903 censes.
853 1854 923 1899 Si.
962 1852 1136 1899 Falso!
1242 1851 1347 1898 Da.
1383 1849 1554 1910 Itaque

416 1937 578 1984 hercle
603 1935 720 1982 nihil
744 1934 841 1997 jam
866 1932 1038 1979 mutire
1067 1931 1234 1977 audeo,

219 2021 291 2068 Si.
330 2018 442 2066 Hoc
467 2033 557 2081 ego
584 2016 686 2063 seio
710 2030 878 2073 unum,
904 2012 1144 2060 neminem
1181 2010 1424 2073 peperisse
1450 2007 1547 2054 hio.

420 2100 522 2147 Da.
561 2097 816 2144 Intellexti.

222 2182 321 2231 Sed
345 2181 497 2230 nihilo
522 2179 681 2227 secius
706 2194 818 2225 mox
842 2176 1058 2223 deferent
1091 2189 1294 2236 puerum
1320 2172 1416 2217 huc
1444 2178 1554 2217 ante

421 2260 596 2309 ostium
620 2277 629 2307 :

223 2347 281 2396 Id
306 2361 397 2411 ego
417 2344 515 2408 jam
551 2357 683 2388 nune
707 2340 794 2387 tibi
819 2337 1061 2396 renuntio,
1087 2336 1219 2394 here,
1245 2334 1476 2392 futurum,
1500 2339 1553 2378 ut

423 2426 490 2475 sis
512 2424 672 2473 sciens
693 2439 702 2449 ·
