1648 2738
401 116 656 154 ADELPHI.
708 116 811 152 Acw.
832 115 899 152 IV.
933 115 1059 151 ScEN.
1076 114 1110 150 2.
1393 103 1479 150 Ill

102 242 177 289 Gt.
218 242 355 288 Pater
381 243 488 287 cst?
558 241 642 303 Sy.
680 240 818 302 Ipsus
854 247 940 285 est.
1014 237 1089 284 Gt.
1128 237 1264 298 Syre,
1299 233 1413 297 quid

296 322 516 384 agimus?
603 321 690 383 Sy.
743 320 878 382 Fuge
923 318 1067 364 modo
1107 317 1264 363 intro·
1322 330 1412 378 ego

295 403 472 449 videro.

100 484 173 530 Ct.
214 483 267 529 Si
293 483 404 544 quid
442 482 643 546 rogabit,
680 497 912 542 nusquam
937 490 987 525 tu
1013 494 1088 525 me
1125 515 1133 525 .
1173 514 1182 523 .
1270 514 1279 523 .
1316 476 1416 523 Au-

293 563 488 609 distin'?
556 563 641 624 Sy.
679 561 832 607 Potin’
861 571 911 606 ut
936 559 1157 605 desinas?

610 779 814 824 SCENA
845 780 900 822 Il.

370 907 573 955 DEMEA.
623 907 896 953 CTESIPHO.
956 904 1136 950 Simus.

165 1039 255 1087 Dc.
298 1039 411 1097 NAE,
460 1053 550 1101 ego
597 1037 740 1083 homo
786 1051 890 1082 sum
940 1034 1135 1081 infelix!
1206 1032 1414 1095 primum

295 1120 482 1166 fratrem
510 1133 742 1179 nusquam
769 1116 961 1162 invenio
988 1114 1230 1177 gentium:

98 1201 333 1248 Praeterea
359 1209 532 1257 autem,
558 1198 670 1244 dum
696 1197 826 1243 illum
854 1211 1030 1258 quaero,
1058 1211 1084 1240 a
1106 1193 1217 1239 villa
1238 1207 1416 1239 merce-

292 1280 478 1327 narium

98 1362 210 1408 Vidi
234 1379 243 1408 :
281 1362 320 1408 is
344 1361 491 1408 filium
520 1368 662 1422 negat
687 1374 790 1405 esse
815 1357 940 1403 ruri:
979 1372 1085 1414 nec,
1112 1354 1224 1417 quid
1263 1369 1416 1417 agam,

296 1441 412 1488 scio.

102 1524 176 1569 Gt.
232 1524 363 1584 Syre.
415 1522 500 1583 Sy.
547 1520 682 1570 Quid
728 1519 831 1565 ais?
921 1517 996 1563 Ct.
1046 1515 1175 1562 Men'
1214 1514 1416 1576 quaerit'!

294 1603 379 1665 Sy.
418 1603 613 1649 Verum.
688 1599 764 1646 Gt.
818 1598 975 1645 Perii!
1061 1595 1319 1659 Sy.Q11in
1368 1603 1418 1642 tu

298 1683 456 1729 animo
482 1683 607 1727 bono
634 1697 698 1727 es,

99 1764 193 1811 De.
246 1763 382 1813 Quid
430 1763 539 1820 hoc,
587 1761 795 1807 malum!
854 1757 1178 1805 infelicitatis?
1232 1770 1419 1817 nequeo

296 1843 409 1890 satis
433 1843 719 1898 decernere;
1442 1841 1469 1880 5

101 1925 209 1971 Nisi
256 1940 332 1970 me
380 1923 525 1970 credo
575 1923 686 1968 huic
732 1937 835 1968 esse
882 1928 1046 1966 natum
1085 1917 1169 1976 rei,
1208 1917 1420 1963 ferundis

297 2003 515 2050 miseriis.

103 2085 289 2134 Primus
346 2084 500 2130 sentio
547 2083 671 2129 mala
716 2091 912 2128 nostra:
970 2080 1152 2143 primus
1208 2077 1418 2124 rescisco

297 2164 483 2211 omnia:

103 2246 290 2293 Primus
313 2261 453 2307 porro
489 2243 751 2291 obnuntioz
791 2258 913 2305 aegrc
948 2241 1093 2299 solus,
1130 2240 1169 2287 si
1205 2239 1315 2302 quid
1351 2238 1417 2297 fit,

299 2326 412 2372 fero.
