1648 2738
358 118 610 155 ADELPHI.
663 114 765 154 Aer)
786 118 856 154 111.
892 118 1018 153 scm.
1037 117 1072 152 4.
1357 107 1448 154 105

58 243 276 290 Tribulis
301 244 498 289 noster?
568 242 621 288 Si
663 242 776 288 satis
817 256 979 299 cerno,
1023 240 1062 286 is
1104 239 1263 286 hercle
1288 241 1371 285 ’stz

254 324 345 370 vah
366 324 375 370 ἱ
1400 322 1451 361 85

62 406 220 453 Homo
246 406 426 452 amicus
449 405 588 450 nobis
607 404 704 466 jam
731 403 840 449 inde
862 419 887 449 a
903 418 1066 464 puero.
1125 401 1206 447 Dii
1232 400 1370 448 boni!

60 486 150 533 Nae
176 485 430 532 illiusmodi
453 485 549 547 jam
575 484 711 530 nobis
734 500 908 546 magna
931 483 1106 529 civium

61 567 268 613 Penuria
292 568 376 612 'stt
415 566 556 611 homo
584 565 774 626 antiqua
801 564 987 622 virtute,
1016 580 1070 609 ac
1094 564 1185 610 fide
1208 581 1216 609 :

63 648 206 694 Haud
233 647 329 694 cito
353 647 463 692 mali
489 646 601 707 quid
627 654 781 691 ortum
805 661 863 691 ex
887 645 979 690 hoc
1003 644 1063 690 sit
1085 645 1290 705 publice.

60 729 223 779 Quam
249 728 451 790 gaudeo,
480 727 558 773 ubi
584 727 725 772 etiam
752 726 891 788 hujus
915 725 1103 788 generis
1128 725 1350 786 reliquias
1399 731 1449 770 90

62 809 267 854 Restare
290 807 428 853 video
449 808 458 853 l
530 807 637 852 Vah
659 807 668 851 l
707 805 861 852 vivere
887 805 1029 851 etiam
1055 821 1183 851 nune
1208 805 1352 851 lubet.

62 888 301 951 Opperiar
327 887 570 934 hominem
598 885 693 943 hio,
721 895 771 931 ut
796 886 1013 945 salutem,
1039 894 1085 933 et
1110 886 1367 947 colloquar.

562 1096 765 1139 SCENA
796 1096 874 1138 IV.

213 1223 396 1271 Hssmo,
454 1223 615 1269 G-ETA.
675 1222 877 1268 DEMEA.
937 1220 1216 1267 PAMPfflLA.

126 1355 219 1403 He.
256 1354 361 1402 PRo
402 1353 466 1401 Di
510 1353 828 1400 immortales!
884 1352 1069 1399 facinus
1105 1352 1369 1415 indignum,

255 1437 407 1483 Geta*

57 1517 195 1568 Quid
241 1517 433 1563 narras!
521 1516 603 1562 Ge.
645 1515 728 1561 Sic
774 1523 844 1561 est
891 1514 1082 1560 factum.
1169 1513 1261 1559 He.
1299 1513 1373 1559 Ex

256 1597 383 1643 illfm'
413 1597 589 1643 familiai

59 1678 185 1725 Tam
212 1677 440 1724 illiberale
466 1677 650 1723 facinus
675 1692 777 1722 esse
794 1677 986 1721 ortum?
1053 1674 1100 1720 O
1120 1674 1369 1730 AEschine,

59 1759 144 1805 Pol
172 1758 296 1805 haud
319 1766 569 1820 paternum
595 1757 718 1803 istuc
743 1756 928 1802 dedisti.
999 1755 1091 1802 De.
1130 1754 1372 1801 Videlicet

59 1838 134 1885 De
159 1838 353 1900 psaltria
378 1838 466 1883 hae
494 1836 670 1883 audivit
693 1853 701 1882 :
739 1836 784 1881 id
812 1836 877 1881 illi
904 1851 1033 1881 nunc
1059 1835 1187 1880 dolet
1397 1844 1423 1881 5

58 1918 264 1964 Alieno:
301 1926 434 1979 pater
459 1917 498 1963 is
522 1917 658 1963 nihili
682 1916 858 1978 pendit.
930 1915 1025 1961 Hei
1053 1915 1193 1961 mihi!

59 1998 251 2045 Utinam
277 1997 355 2044 hio
379 2014 524 2060 prope
562 1997 746 2047 adesset
784 1997 976 2055 alicubi,
1015 2005 1151 2058 atque
1188 1997 1370 2042 audiret

255 2078 387 2125 haee!

64 2158 155 2205 He.
192 2157 301 2204 Nisi
328 2159 515 2217 sacient,
547 2174 649 2219 quae
676 2157 780 2203 illos
807 2173 990 2218 aequom
1026 2158 1100 2215 Ἢ,
1138 2156 1263 2202 haud
1299 2157 1369 2203 sio

258 2239 483 2285 auferent.

61 2319 147 2369 Ge.
184 2319 241 2367 In
265 2328 312 2366 te
336 2336 441 2383 spes
465 2320 634 2378 omnis,
663 2318 837 2382 Hegi0‚
864 2319 1002 2365 nobis
1026 2320 1116 2365 sita
1141 2328 1223 2366 est.
