<?xml version="1.0" encoding="UTF-8"?>
<!DOCTYPE html PUBLIC "-//W3C//DTD XHTML 1.0 Transitional//EN"
    "http://www.w3.org/TR/xhtml1/DTD/xhtml1-transitional.dtd">
<html xmlns="http://www.w3.org/1999/xhtml" xml:lang="en" lang="en">
 <head>
  <title>
</title>
<meta http-equiv="Content-Type" content="text/html;charset=utf-8" />
  <meta name='ocr-system' content='tesseract 3.04.00' />
  <meta name='ocr-capabilities' content='ocr_page ocr_carea ocr_par ocr_line ocrx_word'/>
</head>
<body>
  <div class='ocr_page' id='page_1' title='image "andriaadelphique00tere_0107.png"; bbox 0 0 1648 2738; ppageno 0'>
   <div class='ocr_carea' id='block_1_1' title="bbox 407 99 1482 146">
    <p class='ocr_par' dir='ltr' id='par_1_1' title="bbox 407 99 1482 146">
     <span class='ocr_line' id='line_1_1' title="bbox 407 99 1482 146; baseline 0.003 -3"><span class='ocrx_word' id='word_1_1' title='bbox 407 106 660 144; x_wconf 79' lang='lat' dir='ltr'>ADELPHI.</span> <span class='ocrx_word' id='word_1_2' title='bbox 711 106 813 143; x_wconf 68' lang='lat' dir='ltr'><strong>Aer.</strong></span> <span class='ocrx_word' id='word_1_3' title='bbox 833 106 903 142; x_wconf 91' lang='lat'>111.</span> <span class='ocrx_word' id='word_1_4' title='bbox 941 106 1067 142; x_wconf 68' lang='lat' dir='ltr'><strong>scm.</strong></span> <span class='ocrx_word' id='word_1_5' title='bbox 1087 106 1122 141; x_wconf 88' lang='lat'><strong>3.</strong></span> <span class='ocrx_word' id='word_1_6' title='bbox 1395 99 1482 146; x_wconf 91' lang='grc'><strong>101</strong></span> 
     </span>
    </p>
   </div>
   <div class='ocr_carea' id='block_1_2' title="bbox 104 228 1492 936">
    <p class='ocr_par' dir='ltr' id='par_1_2' title="bbox 104 228 1356 293">
     <span class='ocr_line' id='line_1_2' title="bbox 104 228 1356 293; baseline -0.002 -17"><span class='ocrx_word' id='word_1_7' title='bbox 104 229 239 277; x_wconf 89' lang='lat' dir='ltr'><strong>Nihil</strong></span> <span class='ocrx_word' id='word_1_8' title='bbox 265 229 360 277; x_wconf 88' lang='lat' dir='ltr'>vidi</span> <span class='ocrx_word' id='word_1_9' title='bbox 385 230 641 293; x_wconf 86' lang='lat' dir='ltr'>quidquam</span> <span class='ocrx_word' id='word_1_10' title='bbox 664 229 830 277; x_wconf 85' lang='lat' dir='ltr'><strong>laetius.</strong></span> <span class='ocrx_word' id='word_1_11' title='bbox 899 229 992 276; x_wconf 83' lang='lat' dir='ltr'><strong>De.</strong></span> <span class='ocrx_word' id='word_1_12' title='bbox 1028 228 1121 276; x_wconf 92' lang='lat' dir='ltr'><strong>Pro</strong></span> <span class='ocrx_word' id='word_1_13' title='bbox 1143 228 1356 290; x_wconf 86' lang='lat' dir='ltr'>Jupiter!</span> 
     </span>
    </p>

    <p class='ocr_par' dir='ltr' id='par_1_3' title="bbox 105 308 1325 372">
     <span class='ocr_line' id='line_1_3' title="bbox 105 308 1325 372; baseline -0.002 -15"><span class='ocrx_word' id='word_1_14' title='bbox 105 309 330 357; x_wconf 82' lang='lat' dir='ltr'><strong>Hominis</strong></span> <span class='ocrx_word' id='word_1_15' title='bbox 354 311 626 357; x_wconf 83' lang='lat' dir='ltr'><strong>stultitiam!</strong></span> <span class='ocrx_word' id='word_1_16' title='bbox 697 311 781 372; x_wconf 91' lang='lat' dir='ltr'><strong>Sy.</strong></span> <span class='ocrx_word' id='word_1_17' title='bbox 821 309 1121 356; x_wconf 82' lang='lat' dir='ltr'>Collaudavit</span> <span class='ocrx_word' id='word_1_18' title='bbox 1144 308 1293 355; x_wconf 91' lang='lat' dir='ltr'><strong>filium</strong></span> <span class='ocrx_word' id='word_1_19' title='bbox 1316 326 1325 355; x_wconf 90' lang='grc'>;</span> 
     </span>
    </p>

    <p class='ocr_par' dir='ltr' id='par_1_4' title="bbox 105 389 1314 452">
     <span class='ocr_line' id='line_1_4' title="bbox 105 389 1314 452; baseline -0.001 -16"><span class='ocrx_word' id='word_1_20' title='bbox 105 389 244 449; x_wconf 85' lang='lat' dir='ltr'>Mihi,</span> <span class='ocrx_word' id='word_1_21' title='bbox 272 391 351 452; x_wconf 93' lang='lat' dir='ltr'><strong>qui</strong></span> <span class='ocrx_word' id='word_1_22' title='bbox 377 391 423 437; x_wconf 89' lang='lat' dir='ltr'><strong>id</strong></span> <span class='ocrx_word' id='word_1_23' title='bbox 449 391 683 437; x_wconf 84' lang='lat' dir='ltr'>dedissem</span> <span class='ocrx_word' id='word_1_24' title='bbox 709 390 977 448; x_wconf 87' lang='lat' dir='ltr'><strong>consilium,</strong></span> <span class='ocrx_word' id='word_1_25' title='bbox 1004 389 1099 452; x_wconf 90' lang='lat' dir='ltr'><strong>egit</strong></span> <span class='ocrx_word' id='word_1_26' title='bbox 1125 390 1314 452; x_wconf 84' lang='lat' dir='ltr'><strong>gratias.</strong></span> 
     </span>
    </p>

    <p class='ocr_par' dir='ltr' id='par_1_5' title="bbox 105 470 1492 599">
     <span class='ocr_line' id='line_1_5' title="bbox 105 470 1415 534; baseline -0.001 -16"><span class='ocrx_word' id='word_1_27' title='bbox 105 470 197 518; x_wconf 84' lang='lat' dir='ltr'><strong>De.</strong></span> <span class='ocrx_word' id='word_1_28' title='bbox 250 471 548 533; x_wconf 86' lang='lat' dir='ltr'><strong>Disrumpor.</strong></span> <span class='ocrx_word' id='word_1_29' title='bbox 635 471 720 534; x_wconf 91' lang='lat' dir='ltr'><strong>Sy.</strong></span> <span class='ocrx_word' id='word_1_30' title='bbox 770 471 1038 533; x_wconf 83' lang='lat' dir='ltr'><strong>Argentum</strong></span> <span class='ocrx_word' id='word_1_31' title='bbox 1087 470 1415 517; x_wconf 85' lang='lat' dir='ltr'><strong>annumeravit</strong></span> 
     </span>
     <span class='ocr_line' id='line_1_6' title="bbox 301 551 1492 599; baseline -0.002 -2"><span class='ocrx_word' id='word_1_32' title='bbox 301 551 429 598; x_wconf 93' lang='lat' dir='ltr'><strong>illico</strong></span> <span class='ocrx_word' id='word_1_33' title='bbox 453 569 462 599; x_wconf 92' lang='lat'>:</span> <span class='ocrx_word' id='word_1_34' title='bbox 1443 556 1492 595; x_wconf 88' lang='lat'><strong>15</strong></span> 
     </span>
    </p>

    <p class='ocr_par' dir='ltr' id='par_1_6' title="bbox 105 630 1293 693">
     <span class='ocr_line' id='line_1_7' title="bbox 105 630 1293 693; baseline -0.001 -16"><span class='ocrx_word' id='word_1_35' title='bbox 105 631 250 678; x_wconf 87' lang='lat' dir='ltr'><strong>Dedit</strong></span> <span class='ocrx_word' id='word_1_36' title='bbox 272 641 500 693; x_wconf 83' lang='lat' dir='ltr'><strong>praeterea</strong></span> <span class='ocrx_word' id='word_1_37' title='bbox 524 632 572 678; x_wconf 88' lang='lat' dir='ltr'><strong>in</strong></span> <span class='ocrx_word' id='word_1_38' title='bbox 598 640 821 689; x_wconf 87' lang='lat' dir='ltr'><strong>sumtum,</strong></span> <span class='ocrx_word' id='word_1_39' title='bbox 849 631 1097 677; x_wconf 89' lang='lat' dir='ltr'><strong>dimidium</strong></span> <span class='ocrx_word' id='word_1_40' title='bbox 1124 630 1293 677; x_wconf 81' lang='lat' dir='ltr'><strong>minae:</strong></span> 
     </span>
    </p>

    <p class='ocr_par' dir='ltr' id='par_1_7' title="bbox 104 711 1414 760">
     <span class='ocr_line' id='line_1_8' title="bbox 104 711 1414 760; baseline 0.001 -3"><span class='ocrx_word' id='word_1_41' title='bbox 104 712 161 758; x_wconf 94' lang='lat' dir='ltr'><strong>Id</strong></span> <span class='ocrx_word' id='word_1_42' title='bbox 187 713 488 760; x_wconf 89' lang='lat' dir='ltr'><strong>distributum</strong></span> <span class='ocrx_word' id='word_1_43' title='bbox 515 729 627 758; x_wconf 89' lang='lat' dir='ltr'><strong>sane</strong></span> <span class='ocrx_word' id='word_1_44' title='bbox 648 721 718 758; x_wconf 90' lang='lat' dir='ltr'><strong>est</strong></span> <span class='ocrx_word' id='word_1_45' title='bbox 743 729 800 758; x_wconf 87' lang='lat' dir='ltr'><strong>ex</strong></span> <span class='ocrx_word' id='word_1_46' title='bbox 819 711 1070 758; x_wconf 70' lang='lat' dir='ltr'><strong>sententia.</strong></span> <span class='ocrx_word' id='word_1_47' title='bbox 1129 712 1223 758; x_wconf 80' lang='lat' dir='ltr'><strong>De.</strong></span> <span class='ocrx_word' id='word_1_48' title='bbox 1260 711 1414 759; x_wconf 88' lang='lat' dir='ltr'><strong>Hem!</strong></span> 
     </span>
    </p>

    <p class='ocr_par' dir='ltr' id='par_1_8' title="bbox 106 792 1219 855">
     <span class='ocr_line' id='line_1_9' title="bbox 106 792 1219 855; baseline 0.001 -16"><span class='ocrx_word' id='word_1_49' title='bbox 106 793 236 839; x_wconf 90' lang='lat' dir='ltr'><strong>Huic</strong></span> <span class='ocrx_word' id='word_1_50' title='bbox 262 794 470 852; x_wconf 89' lang='lat' dir='ltr'><strong>mandes,</strong></span> <span class='ocrx_word' id='word_1_51' title='bbox 497 794 535 839; x_wconf 91' lang='lat' dir='ltr'><strong>si</strong></span> <span class='ocrx_word' id='word_1_52' title='bbox 561 794 674 855; x_wconf 91' lang='lat' dir='ltr'><strong>quid</strong></span> <span class='ocrx_word' id='word_1_53' title='bbox 699 802 828 839; x_wconf 90' lang='lat' dir='ltr'><strong>recte</strong></span> <span class='ocrx_word' id='word_1_54' title='bbox 853 801 1066 839; x_wconf 90' lang='lat' dir='ltr'><strong>curatum</strong></span> <span class='ocrx_word' id='word_1_55' title='bbox 1090 792 1219 840; x_wconf 76' lang='lat' dir='ltr'><strong>velis,</strong></span> 
     </span>
    </p>

    <p class='ocr_par' dir='ltr' id='par_1_9' title="bbox 106 873 1416 936">
     <span class='ocr_line' id='line_1_10' title="bbox 106 873 1416 936; baseline 0 -17"><span class='ocrx_word' id='word_1_56' title='bbox 106 873 191 936; x_wconf 86' lang='lat' dir='ltr'><strong>Sy.</strong></span> <span class='ocrx_word' id='word_1_57' title='bbox 244 873 368 920; x_wconf 89' lang='lat' dir='ltr'><strong>Hem</strong></span> <span class='ocrx_word' id='word_1_58' title='bbox 393 875 402 921; x_wconf 92' lang='lat'><strong>!</strong></span> <span class='ocrx_word' id='word_1_59' title='bbox 462 874 661 932; x_wconf 88' lang='lat' dir='ltr'><strong>Demea,</strong></span> <span class='ocrx_word' id='word_1_60' title='bbox 701 874 825 920; x_wconf 90' lang='lat' dir='ltr'><strong>haud</strong></span> <span class='ocrx_word' id='word_1_61' title='bbox 865 889 1136 936; x_wconf 84' lang='lat' dir='ltr'><strong>aspexeram</strong></span> <span class='ocrx_word' id='word_1_62' title='bbox 1172 883 1219 920; x_wconf 90' lang='lat' dir='ltr'><strong>te</strong></span> <span class='ocrx_word' id='word_1_63' title='bbox 1240 890 1249 920; x_wconf 89' lang='lat'><strong>:</strong></span> <span class='ocrx_word' id='word_1_64' title='bbox 1303 873 1416 936; x_wconf 92' lang='lat' dir='ltr'><strong>quid</strong></span> 
     </span>
    </p>
   </div>
   <div class='ocr_carea' id='block_1_3' title="bbox 107 953 1492 1335">
    <p class='ocr_par' dir='ltr' id='par_1_10' title="bbox 107 953 1492 1335">
     <span class='ocr_line' id='line_1_11' title="bbox 302 953 492 1016; baseline 0.005 -17"><span class='ocrx_word' id='word_1_65' title='bbox 302 953 492 1016; x_wconf 71' lang='lat' dir='ltr'><strong>agitur?</strong></span> 
     </span>
     <span class='ocr_line' id='line_1_12' title="bbox 107 1033 1416 1097; baseline -0.001 -16"><span class='ocrx_word' id='word_1_66' title='bbox 107 1034 199 1081; x_wconf 85' lang='lat' dir='ltr'><strong>De.</strong></span> <span class='ocrx_word' id='word_1_67' title='bbox 255 1033 437 1084; x_wconf 79' lang='lat' dir='ltr'><strong>“Quid</strong></span> <span class='ocrx_word' id='word_1_68' title='bbox 483 1034 726 1097; x_wconf 87' lang='lat' dir='ltr'><strong>agatur!&#39;&#39;</strong></span> <span class='ocrx_word' id='word_1_69' title='bbox 786 1042 988 1080; x_wconf 82' lang='lat' dir='ltr'><strong>vostram</strong></span> <span class='ocrx_word' id='word_1_70' title='bbox 1030 1049 1215 1095; x_wconf 86' lang='lat' dir='ltr'><strong>nequeo</strong></span> <span class='ocrx_word' id='word_1_71' title='bbox 1256 1034 1416 1080; x_wconf 87' lang='lat' dir='ltr'><strong>mirari</strong></span> 
     </span>
     <span class='ocr_line' id='line_1_13' title="bbox 299 1115 1492 1161; baseline -0.003 0"><span class='ocrx_word' id='word_1_72' title='bbox 299 1115 412 1161; x_wconf 90' lang='lat' dir='ltr'><strong>satis</strong></span> <span class='ocrx_word' id='word_1_73' title='bbox 1442 1119 1492 1158; x_wconf 74' lang='lat'><strong>20</strong></span> 
     </span>
     <span class='ocr_line' id='line_1_14' title="bbox 111 1194 1416 1259; baseline -0.002 -16"><span class='ocrx_word' id='word_1_74' title='bbox 111 1195 379 1243; x_wconf 83' lang='lat' dir='ltr'><strong>Rationem.</strong></span> <span class='ocrx_word' id='word_1_75' title='bbox 462 1195 547 1259; x_wconf 90' lang='lat' dir='ltr'><strong>Sy.</strong></span> <span class='ocrx_word' id='word_1_76' title='bbox 598 1195 684 1242; x_wconf 89' lang='lat' dir='ltr'><strong>Est</strong></span> <span class='ocrx_word' id='word_1_77' title='bbox 731 1195 891 1241; x_wconf 88' lang='lat' dir='ltr'><strong>hercle</strong></span> <span class='ocrx_word' id='word_1_78' title='bbox 938 1194 1114 1257; x_wconf 88' lang='lat' dir='ltr'><strong>inepta,</strong></span> <span class='ocrx_word' id='word_1_79' title='bbox 1163 1211 1223 1241; x_wconf 91' lang='lat' dir='ltr'><strong>ne</strong></span> <span class='ocrx_word' id='word_1_80' title='bbox 1259 1195 1416 1241; x_wconf 92' lang='lat' dir='ltr'><strong>dicam</strong></span> 
     </span>
     <span class='ocr_line' id='line_1_15' title="bbox 301 1276 427 1335; baseline 0.008 -13"><span class='ocrx_word' id='word_1_81' title='bbox 301 1276 427 1335; x_wconf 91' lang='lat' dir='ltr'><strong>dolo,</strong></span> 
     </span>
    </p>
   </div>
   <div class='ocr_carea' id='block_1_4' title="bbox 104 1356 1495 2389">
    <p class='ocr_par' dir='ltr' id='par_1_11' title="bbox 110 1356 1414 1419">
     <span class='ocr_line' id='line_1_16' title="bbox 110 1356 1414 1419; baseline -0.003 -14"><span class='ocrx_word' id='word_1_82' title='bbox 110 1358 265 1419; x_wconf 90' lang='lat' dir='ltr'><strong>Atque</strong></span> <span class='ocrx_word' id='word_1_83' title='bbox 292 1356 766 1404; x_wconf 86' lang='lat' dir='ltr'><strong>absurda.—Pisces</strong></span> <span class='ocrx_word' id='word_1_84' title='bbox 792 1364 976 1403; x_wconf 90' lang='lat' dir='ltr'><strong>ceteros</strong></span> <span class='ocrx_word' id='word_1_85' title='bbox 999 1372 1166 1418; x_wconf 89' lang='lat' dir='ltr'><strong>purga,</strong></span> <span class='ocrx_word' id='word_1_86' title='bbox 1204 1356 1414 1402; x_wconf 89' lang='lat' dir='ltr'><strong>Dromo:</strong></span> 
     </span>
    </p>

    <p class='ocr_par' dir='ltr' id='par_1_12' title="bbox 104 1436 1400 1501">
     <span class='ocr_line' id='line_1_17' title="bbox 104 1436 1400 1501; baseline -0.002 -16"><span class='ocrx_word' id='word_1_87' title='bbox 104 1439 349 1501; x_wconf 83' lang='lat' dir='ltr'><strong>Congrum</strong></span> <span class='ocrx_word' id='word_1_88' title='bbox 377 1438 517 1484; x_wconf 92' lang='lat' dir='ltr'><strong>istum</strong></span> <span class='ocrx_word' id='word_1_89' title='bbox 543 1453 814 1483; x_wconf 84' lang='lat' dir='ltr'><strong>maxumum</strong></span> <span class='ocrx_word' id='word_1_90' title='bbox 840 1437 887 1482; x_wconf 91' lang='lat' dir='ltr'><strong>in</strong></span> <span class='ocrx_word' id='word_1_91' title='bbox 914 1437 1034 1498; x_wconf 72' lang='lat' dir='ltr'><strong>aqua</strong></span> <span class='ocrx_word' id='word_1_92' title='bbox 1071 1437 1213 1482; x_wconf 92' lang='lat' dir='ltr'><strong>sinito</strong></span> <span class='ocrx_word' id='word_1_93' title='bbox 1237 1436 1400 1483; x_wconf 89' lang='lat' dir='ltr'><strong>ludere</strong></span> 
     </span>
    </p>

    <p class='ocr_par' dir='ltr' id='par_1_13' title="bbox 109 1517 1179 1581">
     <span class='ocr_line' id='line_1_18' title="bbox 109 1517 1179 1581; baseline -0.004 -15"><span class='ocrx_word' id='word_1_94' title='bbox 109 1519 349 1581; x_wconf 88' lang='lat' dir='ltr'><strong>Paulisper</strong></span> <span class='ocrx_word' id='word_1_95' title='bbox 372 1536 380 1565; x_wconf 76' lang='grc' dir='ltr'>ε</span> <span class='ocrx_word' id='word_1_96' title='bbox 418 1518 498 1565; x_wconf 93' lang='lat' dir='ltr'><strong>ubi</strong></span> <span class='ocrx_word' id='word_1_97' title='bbox 524 1533 613 1581; x_wconf 89' lang='lat' dir='ltr'><strong>ego</strong></span> <span class='ocrx_word' id='word_1_98' title='bbox 636 1533 826 1575; x_wconf 85' lang='lat' dir='ltr'><strong>venero,</strong></span> <span class='ocrx_word' id='word_1_99' title='bbox 853 1517 1148 1563; x_wconf 84' lang='lat' dir='ltr'><strong>exossabitur</strong></span> <span class='ocrx_word' id='word_1_100' title='bbox 1170 1533 1179 1563; x_wconf 71' lang='grc' dir='ltr'>ε</span> 
     </span>
    </p>

    <p class='ocr_par' dir='ltr' id='par_1_14' title="bbox 110 1596 1495 1741">
     <span class='ocr_line' id='line_1_19' title="bbox 110 1596 1415 1660; baseline -0.003 -14"><span class='ocrx_word' id='word_1_101' title='bbox 110 1600 243 1647; x_wconf 88' lang='lat' dir='ltr'><strong>Prius</strong></span> <span class='ocrx_word' id='word_1_102' title='bbox 284 1599 409 1645; x_wconf 92' lang='lat' dir='ltr'><strong>nolo.</strong></span> <span class='ocrx_word' id='word_1_103' title='bbox 481 1599 573 1646; x_wconf 81' lang='lat' dir='ltr'><strong>De.</strong></span> <span class='ocrx_word' id='word_1_104' title='bbox 612 1598 845 1644; x_wconf 85' lang='lat' dir='ltr'><strong>Haeccine</strong></span> <span class='ocrx_word' id='word_1_105' title='bbox 883 1597 1063 1660; x_wconf 87' lang='lat' dir='ltr'><strong>flagitia</strong></span> <span class='ocrx_word' id='word_1_106' title='bbox 1084 1597 1093 1643; x_wconf 82' lang='lat' dir='ltr'><strong>l</strong></span> <span class='ocrx_word' id='word_1_107' title='bbox 1165 1597 1250 1659; x_wconf 88' lang='lat' dir='ltr'><strong>Sy.</strong></span> <span class='ocrx_word' id='word_1_108' title='bbox 1291 1596 1415 1643; x_wconf 91' lang='lat' dir='ltr'><strong>Mihi</strong></span> 
     </span>
     <span class='ocr_line' id='line_1_20' title="bbox 300 1679 1495 1741; baseline -0.003 -16"><span class='ocrx_word' id='word_1_109' title='bbox 300 1679 489 1741; x_wconf 89' lang='lat' dir='ltr'><strong>quidem</strong></span> <span class='ocrx_word' id='word_1_110' title='bbox 516 1695 608 1725; x_wconf 91' lang='lat' dir='ltr'><strong>non</strong></span> <span class='ocrx_word' id='word_1_111' title='bbox 632 1679 824 1740; x_wconf 84' lang='lat' dir='ltr'><strong>placent</strong></span> <span class='ocrx_word' id='word_1_112' title='bbox 849 1694 858 1724; x_wconf 93' lang='lat'>:</span> <span class='ocrx_word' id='word_1_113' title='bbox 1443 1688 1495 1728; x_wconf 75' lang='lat'><strong>25</strong></span> 
     </span>
    </p>

    <p class='ocr_par' dir='ltr' id='par_1_15' title="bbox 111 1760 1350 1823">
     <span class='ocr_line' id='line_1_21' title="bbox 111 1760 1350 1823; baseline -0.003 -14"><span class='ocrx_word' id='word_1_114' title='bbox 111 1763 167 1809; x_wconf 88' lang='lat' dir='ltr'><strong>Et</strong></span> <span class='ocrx_word' id='word_1_115' title='bbox 193 1763 346 1809; x_wconf 88' lang='lat' dir='ltr'><strong>clamo</strong></span> <span class='ocrx_word' id='word_1_116' title='bbox 372 1778 508 1823; x_wconf 87' lang='lat' dir='ltr'><strong>saepe.</strong></span> <span class='ocrx_word' id='word_1_117' title='bbox 525 1789 589 1796; x_wconf 91' lang='lat'><strong>-—</strong></span> <span class='ocrx_word' id='word_1_118' title='bbox 606 1761 903 1807; x_wconf 88' lang='lat' dir='ltr'><strong>Salsamenta</strong></span> <span class='ocrx_word' id='word_1_119' title='bbox 928 1761 1046 1818; x_wconf 80' lang='lat' dir='ltr'><strong>haec,</strong></span> <span class='ocrx_word' id='word_1_120' title='bbox 1073 1760 1350 1822; x_wconf 86' lang='lat' dir='ltr'><strong>Stephanio,</strong></span> 
     </span>
    </p>

    <p class='ocr_par' dir='ltr' id='par_1_16' title="bbox 109 1841 1417 1970">
     <span class='ocr_line' id='line_1_22' title="bbox 109 1841 1417 1904; baseline -0.003 -14"><span class='ocrx_word' id='word_1_121' title='bbox 109 1844 205 1891; x_wconf 85' lang='lat' dir='ltr'><strong>Fac</strong></span> <span class='ocrx_word' id='word_1_122' title='bbox 262 1851 561 1889; x_wconf 83' lang='lat' dir='ltr'><strong>macerentur</strong></span> <span class='ocrx_word' id='word_1_123' title='bbox 616 1842 828 1904; x_wconf 87' lang='lat' dir='ltr'><strong>pulchre.</strong></span> <span class='ocrx_word' id='word_1_124' title='bbox 932 1841 1025 1887; x_wconf 83' lang='lat' dir='ltr'><strong>De.</strong></span> <span class='ocrx_word' id='word_1_125' title='bbox 1084 1841 1147 1887; x_wconf 75' lang='lat' dir='ltr'><strong>Di</strong></span> <span class='ocrx_word' id='word_1_126' title='bbox 1213 1849 1417 1887; x_wconf 86' lang='lat' dir='ltr'><strong>vostram</strong></span> 
     </span>
     <span class='ocr_line' id='line_1_23' title="bbox 299 1925 470 1970; baseline 0 -1"><span class='ocrx_word' id='word_1_127' title='bbox 299 1925 440 1970; x_wconf 89' lang='lat' dir='ltr'><strong>fidem</strong></span> <span class='ocrx_word' id='word_1_128' title='bbox 461 1925 470 1970; x_wconf 96' lang='lat'><strong>!</strong></span> 
     </span>
    </p>

    <p class='ocr_par' dir='ltr' id='par_1_17' title="bbox 108 2002 1276 2064">
     <span class='ocr_line' id='line_1_24' title="bbox 108 2002 1276 2064; baseline -0.003 -13"><span class='ocrx_word' id='word_1_129' title='bbox 108 2005 270 2052; x_wconf 82' lang='lat' dir='ltr'><strong>Utrum</strong></span> <span class='ocrx_word' id='word_1_130' title='bbox 294 2005 513 2051; x_wconf 84' lang='lat' dir='ltr'><strong>studione</strong></span> <span class='ocrx_word' id='word_1_131' title='bbox 540 2004 583 2049; x_wconf 92' lang='lat' dir='ltr'><strong>id</strong></span> <span class='ocrx_word' id='word_1_132' title='bbox 611 2003 698 2049; x_wconf 90' lang='lat' dir='ltr'><strong>sibi</strong></span> <span class='ocrx_word' id='word_1_133' title='bbox 722 2002 878 2060; x_wconf 91' lang='lat' dir='ltr'><strong>habet,</strong></span> <span class='ocrx_word' id='word_1_134' title='bbox 907 2019 964 2048; x_wconf 85' lang='lat' dir='ltr'><strong>an</strong></span> <span class='ocrx_word' id='word_1_135' title='bbox 990 2002 1118 2048; x_wconf 90' lang='lat' dir='ltr'><strong>laudi</strong></span> <span class='ocrx_word' id='word_1_136' title='bbox 1142 2011 1276 2064; x_wconf 85' lang='lat' dir='ltr'><strong>putat</strong></span> 
     </span>
    </p>

    <p class='ocr_par' dir='ltr' id='par_1_18' title="bbox 109 2083 1372 2147">
     <span class='ocr_line' id='line_1_25' title="bbox 109 2083 1372 2147; baseline -0.002 -15"><span class='ocrx_word' id='word_1_137' title='bbox 109 2086 245 2144; x_wconf 82' lang='lat' dir='ltr'><strong>Fore,</strong></span> <span class='ocrx_word' id='word_1_138' title='bbox 271 2086 309 2132; x_wconf 90' lang='lat' dir='ltr'><strong>si</strong></span> <span class='ocrx_word' id='word_1_139' title='bbox 334 2084 592 2147; x_wconf 88' lang='lat' dir='ltr'><strong>perdiderit</strong></span> <span class='ocrx_word' id='word_1_140' title='bbox 617 2085 848 2146; x_wconf 67' lang='lat' dir='ltr'><strong>gnatum?</strong></span> <span class='ocrx_word' id='word_1_141' title='bbox 917 2083 1002 2129; x_wconf 86' lang='lat' dir='ltr'><strong>Vae</strong></span> <span class='ocrx_word' id='word_1_142' title='bbox 1028 2083 1202 2129; x_wconf 88' lang='lat' dir='ltr'><strong>misero</strong></span> <span class='ocrx_word' id='word_1_143' title='bbox 1228 2083 1341 2129; x_wconf 89' lang='lat' dir='ltr'><strong>mihi</strong></span> <span class='ocrx_word' id='word_1_144' title='bbox 1364 2084 1372 2129; x_wconf 88' lang='lat'><strong>!</strong></span> 
     </span>
    </p>

    <p class='ocr_par' dir='ltr' id='par_1_19' title="bbox 110 2164 1495 2228">
     <span class='ocr_line' id='line_1_26' title="bbox 110 2164 1495 2228; baseline -0.003 -16"><span class='ocrx_word' id='word_1_145' title='bbox 110 2167 281 2213; x_wconf 89' lang='lat' dir='ltr'><strong>Videre</strong></span> <span class='ocrx_word' id='word_1_146' title='bbox 307 2167 466 2212; x_wconf 87' lang='lat' dir='ltr'><strong>videor</strong></span> <span class='ocrx_word' id='word_1_147' title='bbox 486 2166 581 2228; x_wconf 84' lang='lat' dir='ltr'><strong>jam</strong></span> <span class='ocrx_word' id='word_1_148' title='bbox 608 2165 731 2210; x_wconf 86' lang='lat' dir='ltr'><strong>diem</strong></span> <span class='ocrx_word' id='word_1_149' title='bbox 760 2164 906 2221; x_wconf 86' lang='lat' dir='ltr'><strong>illum,</strong></span> <span class='ocrx_word' id='word_1_150' title='bbox 935 2180 1041 2209; x_wconf 89' lang='lat' dir='ltr'><strong>cum</strong></span> <span class='ocrx_word' id='word_1_151' title='bbox 1070 2164 1183 2209; x_wconf 87' lang='lat' dir='ltr'><strong>hinc</strong></span> <span class='ocrx_word' id='word_1_152' title='bbox 1207 2179 1352 2226; x_wconf 85' lang='lat' dir='ltr'><strong>egens</strong></span> <span class='ocrx_word' id='word_1_153' title='bbox 1445 2170 1495 2209; x_wconf 70' lang='lat'><strong>30</strong></span> 
     </span>
    </p>

    <p class='ocr_par' dir='ltr' id='par_1_20' title="bbox 112 2244 1296 2309">
     <span class='ocr_line' id='line_1_27' title="bbox 112 2244 1296 2309; baseline -0.003 -16"><span class='ocrx_word' id='word_1_154' title='bbox 112 2247 349 2309; x_wconf 83' lang='lat' dir='ltr'><strong>Profugiet</strong></span> <span class='ocrx_word' id='word_1_155' title='bbox 376 2247 532 2307; x_wconf 86' lang='lat' dir='ltr'><strong>aliquo</strong></span> <span class='ocrx_word' id='word_1_156' title='bbox 559 2246 823 2291; x_wconf 88' lang='lat' dir='ltr'><strong>militatum.</strong></span> <span class='ocrx_word' id='word_1_157' title='bbox 894 2244 977 2306; x_wconf 89' lang='lat' dir='ltr'><strong>Sy.</strong></span> <span class='ocrx_word' id='word_1_158' title='bbox 1017 2244 1062 2290; x_wconf 89' lang='lat' dir='ltr'>O</span> <span class='ocrx_word' id='word_1_159' title='bbox 1088 2245 1296 2290; x_wconf 86' lang='lat' dir='ltr'><strong>Demea!</strong></span> 
     </span>
    </p>

    <p class='ocr_par' dir='ltr' id='par_1_21' title="bbox 112 2325 1377 2389">
     <span class='ocr_line' id='line_1_28' title="bbox 112 2325 1377 2389; baseline -0.003 -15"><span class='ocrx_word' id='word_1_160' title='bbox 112 2328 236 2374; x_wconf 85' lang='lat' dir='ltr'><strong>[stuc</strong></span> <span class='ocrx_word' id='word_1_161' title='bbox 263 2337 332 2373; x_wconf 87' lang='lat' dir='ltr'><strong>est</strong></span> <span class='ocrx_word' id='word_1_162' title='bbox 357 2344 537 2389; x_wconf 81' lang='lat' dir='ltr'><strong>sapere,</strong></span> <span class='ocrx_word' id='word_1_163' title='bbox 562 2343 675 2384; x_wconf 84' lang='lat' dir='ltr'><strong>non,</strong></span> <span class='ocrx_word' id='word_1_164' title='bbox 700 2325 824 2387; x_wconf 87' lang='lat' dir='ltr'><strong>quod</strong></span> <span class='ocrx_word' id='word_1_165' title='bbox 854 2334 961 2371; x_wconf 88' lang='lat' dir='ltr'><strong>ante</strong></span> <span class='ocrx_word' id='word_1_166' title='bbox 984 2326 1130 2387; x_wconf 90' lang='lat' dir='ltr'><strong>pedes</strong></span> <span class='ocrx_word' id='word_1_167' title='bbox 1155 2325 1296 2371; x_wconf 89' lang='lat' dir='ltr'><strong>modo</strong></span> <span class='ocrx_word' id='word_1_168' title='bbox 1322 2326 1377 2370; x_wconf 86' lang='lat' dir='ltr'><strong>‘st</strong></span> 
     </span>
    </p>
   </div>
   <div class='ocr_carea' id='block_1_5' title="bbox 113 2406 1155 2535">
    <p class='ocr_par' dir='ltr' id='par_1_22' title="bbox 113 2406 1155 2535">
     <span class='ocr_line' id='line_1_29' title="bbox 113 2406 1155 2468; baseline -0.006 -11"><span class='ocrx_word' id='word_1_169' title='bbox 113 2409 300 2468; x_wconf 89' lang='lat' dir='ltr'><strong>Videre,</strong></span> <span class='ocrx_word' id='word_1_170' title='bbox 326 2409 405 2455; x_wconf 90' lang='lat' dir='ltr'><strong>sed</strong></span> <span class='ocrx_word' id='word_1_171' title='bbox 432 2408 572 2454; x_wconf 86' lang='lat' dir='ltr'><strong>etiam</strong></span> <span class='ocrx_word' id='word_1_172' title='bbox 601 2408 693 2464; x_wconf 89' lang='lat' dir='ltr'><strong>illa,</strong></span> <span class='ocrx_word' id='word_1_173' title='bbox 720 2423 823 2468; x_wconf 79' lang='lat' dir='ltr'><strong>quae</strong></span> <span class='ocrx_word' id='word_1_174' title='bbox 850 2406 1005 2452; x_wconf 84' lang='lat' dir='ltr'><strong>sutura</strong></span> <span class='ocrx_word' id='word_1_175' title='bbox 1030 2414 1155 2463; x_wconf 87' lang='lat' dir='ltr'><strong>sunt,</strong></span> 
     </span>
     <span class='ocr_line' id='line_1_30' title="bbox 500 2488 577 2535; baseline 0 -20"><span class='ocrx_word' id='word_1_176' title='bbox 500 2490 532 2535; x_wconf 85' lang='lat'>9</span> <span class='ocrx_word' id='word_1_177' title='bbox 551 2488 577 2515; x_wconf 63' lang='grc' dir='ltr'><strong>ιιι</strong></span> 
     </span>
    </p>
   </div>
  </div>
 </body>
</html>
