1648 2738
455 90 675 128 ANDRIA.
725 88 829 125 Acr.
850 88 896 124 V.
933 89 1059 125 Sem.
1081 88 1116 124 Ξ.

100 216 190 263 Ubi
236 231 292 263 ea
348 231 506 274 causa,
554 214 860 277 quamobrem
917 213 1019 259 haec
1076 211 1274 270 faciunt,
1320 210 1409 258 erit

297 297 480 343 ademta
506 296 593 354 his,
619 296 850 343 desinent.

102 378 187 424 Ch.
226 377 400 424 Erras:
454 394 561 424 cum
606 377 741 423 Davo
779 383 968 439 egomet
1003 374 1099 420 vidi
1136 373 1406 436 jurgantem

295 458 528 504 ancillam.
598 458 668 504 Si.
707 457 835 503 Scio.

102 538 188 586 Cle.
228 541 292 586 At
317 555 428 586 vero
452 539 607 595 voltu;
646 555 773 597 cum,
810 537 875 584 ibi
911 553 987 584 me
1024 536 1204 595 adesse,
1240 543 1407 582 neuter

295 629 393 666 tum
419 627 738 683 praesenserat.

98 700 168 746 Si.
208 700 398 746 Credo:
435 708 497 757 et,
524 699 571 745 id
613 699 835 757 facturas,
871 698 1031 745 Davos
1073 696 1252 743 dudum
1293 712 1410 759 prae-

295 781 413 827 dixit
438 780 567 827 mihi.

99 861 160 908 Et
185 861 349 908 nescio
374 861 487 922 quid
511 860 598 907 tibi
623 876 728 906 sum
763 860 938 907 oblitus
972 859 1133 918 hodie,
1173 875 1228 906 ac
1263 858 1409 917 volui,

293 942 466 989 dicere.

609 1160 812 1206 SCENA
843 1160 899 1205 11.

280 1288 467 1337 DAvus.
516 1288 780 1336 CHREMES.
829 1287 973 1334 Smo.
1025 1286 1227 1334 Dnomo.

163 1420 266 1467 Da.
304 1421 480 1467 AN1M0
505 1435 635 1467 nunc
655 1419 752 1482 jam
772 1418 927 1465 otioso
945 1434 1048 1465 esse
1068 1417 1261 1481 impero,
1325 1416 1410 1465 072.

295 1501 422 1548 Hem
448 1501 630 1547 Davom
656 1500 758 1547 tibi.

100 1582 170 1630 Si.
207 1581 346 1629 Unde
386 1581 663 1645 egreditur?
733 1580 835 1627 Da.
874 1579 988 1626 Meo
1011 1579 1250 1641 praesidio,
1273 1587 1413 1641 atque

296 1662 507 1724 hospitiS.
579 1662 650 1708 Si.
685 1660 821 1710 Quid
848 1660 962 1706 illud
987 1659 1097 1706 mali
1122 1661 1216 1706 ’st'!

100 1743 201 1790 Da.
251 1743 356 1806 Ego
401 1742 775 1789 commodiorem
832 1741 1091 1799 hominem,
1140 1740 1408 1799 adventum,

294 1832 496 1885 tempus,
522 1839 618 1868 non
643 1822 752 1868 vidi.
824 1821 894 1868 Si.
933 1821 1131 1867 Scelus!

97 1904 373 1955 Quemnam
400 1904 478 1950 hic
502 1903 699 1950 laudat!
767 1902 869 1949 Da.
906 1901 1079 1948 Omnis
1112 1917 1188 1948 res
1212 1911 1284 1948 est
1313 1901 1412 1965 jam

297 1984 345 2031 in
370 1984 503 2030 vado.
574 1984 644 2031 Si.
683 1984 834 2030 Cesso
861 1982 1071 2044 alloqui!

101 2065 203 2112 Da.
240 2065 399 2112 Herus
445 2074 542 2111 est:
602 2063 714 2125 quid
759 2064 931 2126 agam!
1023 2063 1093 2110 Si.
1130 2062 1206 2110 O!
1267 2062 1410 2120 salve,

299 2146 422 2192 bone
463 2146 564 2192 vir!
635 2145 735 2191 Da.
773 2144 925 2190 Ehem
970 2144 1134 2190 Simo!
1186 2159 1215 2189 o
1251 2151 1410 2190 noster

295 2226 530 2273 Chreme!

100 2306 278 2354 Omnia
318 2316 538 2368 apparata
578 2306 676 2370 jam
716 2314 826 2352 sunt
872 2304 1014 2352 intus.
1106 2305 1178 2352 Si.
1217 2304 1412 2351 Cui-§.sti

295 2387 456 2450 probe.

1418 81 1483 127 63

1435 619 1487 660 20
