1648 2738
113 69 183 117 82
498 78 753 116 ADELPHI.
805 78 908 115 Aer.
927 77 957 115 1.
994 77 1122 115 Sem.
1142 77 1177 115 2.

194 219 284 266 Mi.
330 218 541 265 Homine
575 219 794 281 imperito
823 234 1066 280 nunquam
1093 217 1350 281 quidquam
1374 216 1518 281 injus-

391 299 502 359 tius,

191 381 313 440 Qui,
341 381 431 427 nisi
457 379 583 443 quod
605 397 704 443 lpse
730 382 859 439 feeit,
885 378 1003 427 nihil
1029 388 1213 426 rectum
1236 387 1384 442 putat.

113 465 166 504 20
195 463 287 510 De.
324 463 574 513 Quorsum
595 463 755 509 istuo'?
823 462 913 509 Mi.
950 461 1086 512 Quia
1104 470 1172 520 tu,
1194 462 1392 521 Demea,
1413 461 1517 507 haec

391 544 513 591 male
534 544 737 606 judicas.

193 626 309 673 Non
335 636 405 673 est
430 626 680 690 flagitium,
708 626 824 673 mihi
850 626 1010 685 crede,
1039 624 1451 673 adolescentulum

192 708 424 767 Scortari,
450 724 604 770 neque
627 716 791 770 potare
811 725 821 766 3
860 723 957 754 non
983 715 1054 754 est
1076 724 1085 754 :
1123 723 1280 769 neque
1305 707 1430 753 fores

193 788 476 852 Effringere.
550 788 670 836 Haeo
686 788 726 835 si
746 805 902 851 neque
918 805 1025 852 ego,
1040 804 1196 850 neque
1210 796 1279 847 tn,
1297 787 1516 847 fecimus,

191 869 307 916 Non
332 869 438 916 sivit
464 878 651 933 egestas
676 870 836 917 facere
860 885 962 916 nOS.
1033 869 1115 915 Tu
1140 884 1272 915 nunc
1297 868 1385 915 tibi

111 957 164 996 25
193 950 250 997 Id
273 951 402 998 laudi
428 951 581 1010 ducis,
609 951 736 1013 quod
761 960 862 997 tum
888 950 1044 997 fecisti
1069 950 1264 1012 inopia?

190 1031 425 1096 Injurium
450 1042 548 1080 est:
586 1049 712 1089 nam,
739 1032 778 1079 si
803 1041 942 1090 esset,
968 1031 1097 1079 unde
1121 1031 1170 1078 id
1194 1031 1344 1090 fieret,

191 1114 482 1161 Faceremus
503 1131 512 1162 :
551 1123 599 1161 et
622 1123 671 1162 tu
699 1114 833 1161 illum
858 1123 1011 1173 tuum,
1037 1114 1077 1160 si
1102 1129 1230 1161 esses
1256 1113 1417 1173 homo,

191 1196 386 1243 Sineres
411 1213 541 1243 nuno
567 1196 739 1256 facere,
766 1195 879 1242 dum
903 1211 986 1258 per
1013 1203 1199 1242 aetatem
1225 1194 1355 1254 licet,

191 1277 358 1324 Potius
382 1294 540 1340 quam,
567 1278 649 1324 ubi
673 1287 720 1324 te
745 1285 1071 1340 exspectatum
1096 1277 1317 1340 ejecisset
1341 1277 1484 1337 foras,

112 1364 163 1405 30
192 1359 441 1406 Alieniore
466 1368 619 1418 aetate,
645 1368 752 1422 post
777 1359 957 1406 faceret
980 1366 1155 1406 tamen.

190 1440 285 1488 De.
323 1440 417 1487 Pro
442 1440 660 1503 Jupiter!
715 1449 783 1500 tu,
820 1439 982 1500 homo,
1021 1439 1174 1503 adigis
1211 1455 1285 1486 me
1312 1438 1369 1485 ad
1395 1438 1518 1486 insa-

388 1521 533 1568 niam.

189 1601 307 1650 Non
331 1610 403 1649 est
439 1601 692 1666 flagitium,
730 1601 890 1649 facere
926 1601 1030 1648 haec
1068 1600 1517 1648 adolescentulum?

390 1683 478 1731 Mi.
516 1683 627 1731 Ah!

191 1765 458 1823 Ausculta;
496 1781 557 1811 ne
582 1780 658 1811 me
681 1764 918 1810 obtundas
942 1763 1001 1810 de
1026 1763 1116 1810 hac
1140 1780 1192 1811 re
1216 1763 1402 1827 saepius.

190 1845 355 1892 Tuum
380 1846 529 1893 filium
556 1845 729 1892 dedisti
756 1845 1078 1907 adoptandum
1103 1845 1221 1891 mihi
1243 1862 1252 1892 ε

113 1937 162 1977 35
190 1927 238 1973 Is
263 1943 397 1974 meus
421 1936 491 1974 est
517 1927 669 1974 faetus
691 1944 700 1974 :
738 1926 777 1973 si
801 1926 915 1989 quid
938 1936 1124 1988 peccat,
1150 1926 1352 1985 Demea,

192 2008 316 2055 Mihi
340 2017 542 2071 peccat:
579 2025 670 2072 ego
697 2008 763 2054 illi
789 2024 1059 2054 maxumam
1083 2016 1266 2069 partem
1295 2007 1457 2055 feram.

191 2089 447 2137 Obsonat‘!
482 2091 650 2152 potat?
688 2089 784 2137 olet
808 2090 1090 2153 unguenta?
1126 2088 1184 2135 de
1210 2105 1332 2136 meo.

192 2172 374 2218 Amat?
411 2171 600 2218 dabitur
638 2188 665 2218 a
698 2187 774 2218 me
812 2179 1076 2235 argentum,
1115 2170 1227 2216 dum
1265 2170 1354 2218 erit
1390 2185 1513 2218 com·

391 2253 584 2298 modum
610 2269 618 2299 :

191 2333 286 2380 Ubi
311 2349 408 2389 non
434 2333 539 2389 erit,
567 2334 765 2380 sortasse
790 2333 1068 2380 excludetur
1096 2333 1233 2380 foras.

114 2424 165 2465 40
193 2415 345 2463 Fores
370 2416 593 2480 effregit?
629 2416 968 2463 restituentur:
1006 2414 1199 2462 discidit
