1648 2738
484 93 706 132 ANDRM.
755 94 855 130 Ac'r.
875 93 905 129 1.
942 93 1067 129 Sem.
1090 93 1120 128 1.
1436 83 1492 129 ll

119 218 257 280 Apud
285 234 357 265 me
377 217 501 280 justa
525 228 569 264 et
595 218 804 264 clemens
830 216 969 263 suerit
993 215 1207 272 servitus,

118 299 225 344 Scis
247 315 255 344 :
295 299 402 356 feci,
427 315 452 345 e
479 313 611 344 servo
636 306 687 344 ut
711 312 837 343 esses
860 296 1056 342 libertus
1081 294 1217 353 mihi,
1450 297 1501 338 10

117 379 372 440 Propterea
394 379 519 440 quod
543 378 778 424 serviebas
803 376 1072 423 liberaliter.
1232 377 1234 381 ’

114 459 263 509 Quod
288 459 432 505 habui
457 474 690 505 summum
715 456 936 519 pretium,
960 454 1163 518 persolvi
1187 453 1288 500 tibi.

118 539 194 586 So.
233 538 290 585 In
311 539 538 584 memoria
557 539 722 584 habeo.
793 536 866 582 Si.
904 534 1048 582 Haud
1072 542 1205 581 muto
1229 533 1422 580 factum.

313 619 390 666 So.
427 619 644 677 Gaudeo,
705 645 709 650 ‹

121 699 173 746 Si
197 699 283 746 tibi
307 700 417 761 quid
444 699 553 757 feci,
581 707 661 746 aut
685 698 825 757 faci0‚
849 696 975 760 quod
998 696 1200 758 placeat,
1228 694 1360 741 Simo
1375 711 1386 752 ;

120 780 198 839 Et,
225 780 271 826 id
296 788 480 842 gratum
508 779 652 826 fuisse
678 779 927 825 advorsum
950 785 1014 836 te,
1034 776 1187 823 habeo
1211 775 1425 839 gratiam.
1456 775 1505 814 15

122 861 217 907 Sed
252 860 345 906 hoc
380 859 496 906 mihi
531 860 782 905 molestum
816 867 914 904 est:
955 873 1065 904 nam
1102 856 1268 903 isthaec
1301 871 1430 903 com-

317 940 595 986 memoratio

120 1021 277 1072 Quasi
302 1020 600 1083 exprobratio
624 1028 695 1066 est
719 1018 1009 1065 immemoris
1033 1017 1250 1064 benefici.

121 1102 259 1153 Quin
283 1110 334 1148 tu
359 1116 455 1147 uno
479 1101 622 1147 verbo
646 1100 741 1158 dic,
767 1099 881 1161 quid
905 1108 992 1158 est,
1018 1099 1144 1160 quod
1170 1114 1245 1144 me
1270 1097 1398 1145 velis.

124 1183 193 1228 Si.
229 1182 303 1229 Ita
327 1181 511 1229 faciam.
584 1180 692 1228 Hoc
726 1180 930 1243 primum
962 1179 1011 1226 in
1035 1180 1126 1226 hac
1149 1194 1200 1226 re
1223 1178 1434 1241 praedico

319 1262 433 1320 tibi;

124 1344 263 1394 Quas
288 1343 443 1390 credis
467 1358 569 1390 esse
594 1343 694 1401 has,
719 1358 813 1390 non
838 1350 948 1389 sunt
971 1357 1092 1389 verae
1117 1340 1308 1403 nuptiae.
1460 1339 1512 1380 20

125 1425 202 1471 So.
240 1424 339 1470 Cur
383 1423 578 1469 simulas
623 1422 800 1486 igitur?
888 1422 960 1468 Si.
996 1422 1122 1468 Rem
1168 1436 1359 1468 omnem
1408 1436 1436 1467 a

318 1502 556 1565 principio
581 1501 770 1559 audies3

127 1583 201 1630 Eo
223 1592 365 1645 pacto
389 1590 436 1630 et
459 1582 591 1646 gnati
615 1581 775 1640 vitam,
800 1590 848 1628 et
871 1581 1126 1628 consilium
1150 1596 1309 1628 meum

128 1664 432 1727 Cognosces;
469 1671 516 1709 et
540 1662 654 1724 quid
680 1661 835 1708 facere
860 1661 908 1707 in
934 1662 1023 1708 hac
1048 1677 1100 1709 re
1123 1670 1170 1708 te
1193 1661 1347 1709 velim.

129 1744 255 1791 Nam
281 1743 320 1790 is
342 1752 590 1806 postquam
614 1742 817 1790 excessit
839 1758 897 1789 ex
921 1742 1132 1804 ephebis,
1159 1742 1315 1801 Sosia,

129 1825 350 1872 Liberius
373 1823 559 1871 vivendi
585 1823 673 1870 fuit
695 1831 930 1885 potestas:
967 1838 1077 1869 nam
1105 1832 1244 1870 antea
1464 1827 1517 1868 25

127 1905 232 1956 Qui
257 1905 379 1951 scire
402 1920 581 1967 posses,
609 1912 688 1950 aut
712 1903 958 1967 ingenium
983 1919 1200 1962 noscere,

130 1986 256 2032 Dum
300 1995 428 2044 aetas,
471 1994 639 2044 metus,
673 1984 904 2047 ,magister
942 1984 1291 2047 prohibebant?
1361 1985 1438 2032 So.

327 2066 402 2114 Ita
424 2075 508 2114 est.

133 2147 203 2195 Si.
238 2146 384 2197 Quod
408 2147 620 2209 plerique
645 2162 810 2193 omnes
834 2146 1014 2193 faciunt
1040 2146 1402 2205 adolescentuli,

132 2226 197 2274 Ut
232 2227 440 2274 animum
477 2228 534 2274 ad
571 2226 759 2289 aliquod
794 2226 1000 2273 studium
1049 2227 1322 2290 adjungant,
1360 2234 1442 2274 aut

328 2324 477 2370 equos

137 2389 297 2449 Alere,
315 2398 394 2437 aut
409 2405 553 2437 canes
569 2388 627 2436 ad
642 2388 925 2448 venandum,
944 2397 1023 2435 aut
1040 2388 1096 2435 ad
1110 2388 1414 2451 philosophos
1429 2404 1440 2447 ;
1469 2395 1520 2436 30

1404 2573 1458 2605 ,⁴⁹⁶
