1648 2738
106 72 172 120 50
487 77 710 116 ANDRIA.
761 76 866 114 Αοτ.
887 74 954 114 lv.
993 76 1121 113 Sem.
1143 75 1176 112 1.

183 204 283 253 Pa.
320 204 458 255 Quid
485 203 609 250 istuc
644 203 748 250 est?
822 201 908 249 C'k.
947 201 1206 263 Postquam
1243 214 1320 247 me
1357 213 1513 246 amare

384 286 499 345 dixi,
526 284 817 347 complacita
840 291 911 331 est
935 282 1037 330 tibi.

186 368 300 416 Heu
324 385 401 415 me
426 367 686 414 miserum!
724 366 805 429 qui
837 374 974 412 tuum
1012 364 1223 411 animum
1261 378 1321 410 ex
1355 362 1515 410 animo

385 449 596 512 spectavi
622 464 744 495 meo.
1176 499 1179 501 ,

185 532 286 581 Pa.
323 532 495 580 Falsus
531 548 595 578 es.
671 530 758 577 Cle.
797 528 976 576 Nonne
1011 527 1100 575 tibi
1136 527 1250 574 satis
1286 542 1390 573 esse
1425 525 1520 573 hoc

386 613 540 660 visum
565 612 772 660 solidum
798 620 870 658 est
894 610 1143 674 gaudium,

187 696 300 744 Nisi
346 713 424 744 me
464 695 695 742 lactasses
743 701 1000 751 amantem,
1043 700 1091 739 et
1132 690 1251 738 falsa⁴
1293 706 1376 753 spe
1415 704 1518 752 pro·

387 777 626 824 duceres?

110 868 164 908 25
190 860 399 908 Habeas.
470 858 570 905 Ρα.
610 857 865 904 Habeam?
905 857 990 903 ah!
1028 855 1204 913 nescis,
1245 852 1436 915 quantis
1472 851 1520 899 in

388 940 527 987 malis
551 955 709 986 verser
728 939 896 997 miser,

187 1020 510 1084 Quantasque
539 1021 619 1067 hic
645 1020 744 1067 suis
770 1019 985 1066 consiliis
1010 1018 1128 1064 mihi
1160 1016 1374 1064 confecit
1398 1014 1525 1062 solli·

391 1103 647 1162 citudines,

189 1184 335 1233 Meus
361 1183 587 1230 carnifex.
664 1181 749 1228 Ch.
787 1180 926 1231 Quid
952 1180 1076 1227 istuc
1101 1188 1199 1226 tam
1224 1178 1400 1224 mirum
1435 1184 1522 1236 est,

390 1265 449 1311 de
475 1273 522 1312 te
546 1264 585 1310 si
612 1262 884 1326 exemplum
910 1262 1072 1324 capit?

190 1347 290 1395 Pa.
330 1346 476 1393 Haud
520 1347 643 1392 istuc
681 1345 830 1403 dicas,
869 1344 907 1390 si
944 1342 1171 1406 cogndris
1206 1341 1279 1388 vel
1316 1356 1410 1400 me,
1447 1339 1523 1388 vel

313 1423 323 1428 ⁶
392 1442 604 1473 amorem
628 1441 803 1473 meum.

197 1507 282 1557 C'h.
322 1508 471 1556 Scio:
523 1524 634 1554 cum
673 1515 808 1570 patre
852 1504 1094 1553 altercasti
1137 1504 1350 1550 dudum:
1399 1511 1446 1550 et
1488 1503 1528 1549 is

391 1606 522 1637 nunc
546 1597 801 1652 propterea
826 1588 912 1634 tibi

117 1682 168 1722 30
195 1674 491 1720 Succenset:
529 1687 621 1718 nec
645 1679 692 1717 te
718 1670 869 1732 quivit
904 1669 1049 1716 hodie
1078 1683 1272 1732 cogere,
1310 1666 1439 1714 illam
1477 1675 1528 1713 ut

395 1754 612 1801 duceres.

194 1837 295 1885 Pa.
333 1836 489 1883 Immo
530 1835 692 1894 etiam,
730 1850 824 1896 quo
866 1842 918 1880 tu
959 1832 1119 1878 minus
1157 1831 1253 1878 scis
1291 1846 1529 1878 aerumnas

392 1934 540 1976 meas,

197 1999 289 2046 Hae
313 1999 492 2061 nuptiae
517 2014 614 2044 non
642 1996 990 2060 apparabantur
1014 1994 1163 2052 mihi3

196 2079 308 2128 Nec
330 2078 600 2142 postulabat
627 2094 758 2124 nunc
783 2077 1034 2139 quisquam
1060 2089 1259 2121 uxorem
1285 2073 1414 2121 dare.

199 2160 286 2209 Ch.
325 2160 469 2207 Scio:
524 2168 576 2205 tu
624 2167 822 2206 coactus
861 2158 945 2204 tua
985 2155 1230 2203 voluntate
1276 2171 1341 2202 es.
1426 2153 1526 2201 Pa.

396 2241 557 2289 Mane.

121 2326 431 2384 35Nondum
478 2324 586 2372 scis.
679 2322 766 2371 Ch.
806 2322 922 2371 Scio
970 2321 1192 2384 equidem
1242 2320 1371 2368 illam
1414 2319 1528 2367 duc-

396 2416 556 2455 turum
584 2421 690 2454 esse
713 2414 775 2453 te.
