1648 2738
145 70 237 117 100
515 81 765 118 ADELPHI.
784 77 786 79 ’
816 81 921 118 Aer.
943 81 1016 118 111.
1052 81 1180 118 Sem.
1197 81 1232 118 3.

215 205 330 265 Abi,
360 214 500 268 atque
542 205 756 269 Hegioni
795 214 1003 269 cognato
1039 206 1179 269 hujus
1214 222 1316 253 rem
1352 222 1544 254 omnem

414 298 607 334 narrato
633 288 800 335 ordine
822 305 831 335 :

215 368 344 415 Nam
370 369 410 415 is
434 378 598 416 nostro
625 370 813 416 Simulo
839 369 927 416 fuit
952 386 1182 429 summus,
1209 379 1256 416 et
1282 387 1369 416 nos
1394 370 1544 418 coluit

413 467 649 499 maxume.

138 538 189 577 55
220 533 305 580 Ge.
344 532 473 578 Nam
510 533 674 580 hercle
712 534 832 581 alius
873 549 1016 580 nemo
1054 533 1250 596 respicit
1290 549 1391 580 nos.
1463 533 1542 581 So.

412 614 620 677 Propera
644 624 711 674 tu,
738 632 845 662 mea
871 615 1129 674 Canthara,

215 695 401 743 Curre:
440 697 746 743 obstetricem
792 713 1012 744 arcesse:
1050 705 1117 756 ut,
1153 712 1262 743 cum
1307 712 1427 759 opus
1463 695 1544 756 sit,

412 794 474 825 ne
499 778 548 825 in
573 779 707 825 mora
733 779 872 825 nobis
898 778 1002 826 siet.

722 1002 927 1047 SCENA
958 1002 1037 1046 111.

654 1129 858 1178 DEMEA.
920 1132 1102 1178 SYRUS.

282 1265 374 1313 De.
413 1265 677 1312 DISPERII!
716 1264 1062 1327 Ctesiphonem
1090 1264 1247 1311 audivi
1272 1264 1422 1312 filium

212 1347 323 1395 Una
349 1347 540 1394 affuisse
567 1347 615 1394 in
640 1347 858 1410 raptione
884 1363 994 1393 cum
1024 1346 1275 1394 AEschino.

211 1426 269 1474 Id
296 1428 470 1474 misero
495 1436 641 1474 restat
666 1427 784 1473 mihi
808 1426 938 1485 mali,
960 1426 1000 1473 si
1026 1426 1159 1473 illum
1184 1435 1357 1489 potest,

210 1507 315 1558 Qui
343 1507 488 1554 alicui
514 1507 583 1554 rei
609 1516 695 1566 est,
735 1506 879 1553 etiarn
921 1522 1032 1552 eum
1076 1506 1134 1553 ad
1167 1506 1432 1568 nequitiam
1471 1505 1549 1553 ab·

410 1590 602 1635 ducere.

159 1683 184 1721 5
215 1669 304 1716 Ubi
352 1685 443 1734 ego
492 1670 624 1716 illum
672 1670 919 1732 quaeram?
990 1669 1136 1716 credo
1186 1669 1447 1716 abductum
1496 1668 1546 1716 in

410 1768 618 1815 ganeum

210 1835 388 1896 Aliquo
410 1852 417 1881 :
455 1834 692 1897 persuasit
717 1834 794 1880 ille
820 1832 1050 1895 impurus,
1077 1842 1149 1879 sat
1173 1833 1289 1880 scio.

210 1916 308 1962 Sed
334 1933 505 1962 eccum
534 1918 706 1979 Syrum
734 1916 801 1963 ire
818 1915 986 1961 video:
1025 1915 1139 1961 hinc
1164 1914 1299 1962 scibo
1320 1914 1436 1977 jam,
1458 1913 1540 1961 ubi

407 1999 524 2045 siet:

208 2081 371 2143 Atque
396 2080 558 2126 hercle
586 2080 665 2126 hic
691 2080 749 2127 de
775 2095 921 2143 grege
947 2078 1029 2125 illo
1046 2087 1117 2124 est
1139 2095 1148 2124 :
1187 2078 1224 2124 si
1245 2093 1321 2123 me
1338 2077 1541 2125 senserit

207 2160 333 2207 Eum
361 2161 629 2222 quaeritare,
657 2175 902 2221 nunquam
929 2159 1058 2205 dicet
1085 2158 1330 2205 carnufex.

131 2248 180 2287 10
206 2241 319 2289 Non
358 2242 607 2290 ostendam
653 2257 727 2288 me
770 2241 818 2288 id
857 2240 990 2287 velle.
1062 2239 1149 2301 Sy.
1188 2238 1396 2286 Omnem
1433 2253 1534 2286 rem

403 2324 547 2371 modo
571 2323 690 2382 seni,

203 2408 323 2459 Quo
346 2415 490 2470 pacto
516 2406 731 2464 haberet,
758 2419 1037 2451 enarramus
1060 2401 1229 2449 ordine
1252 2419 1261 2449 :
