1648 2738
93 75 160 126 18
501 81 724 120 ANDRIA.
776 81 880 118 Aer.
899 80 931 117 1.
967 80 1096 118 scm«.
1114 79 1150 117 2.

169 207 339 256 Meum
363 217 563 273 gnatum
587 222 750 254 rumor
780 214 851 254 est
878 221 1049 254 amare.
1121 204 1224 254 Da.
1261 204 1320 252 Id
1352 220 1502 270 popu-

369 291 445 337 lus
469 298 623 350 curat,
650 288 864 336 scilieet!

99 381 146 421 15
171 373 244 421 Si.
282 373 509 420 Hoecine
537 372 654 436 agis,
677 388 734 418 an
756 372 888 417 non?
957 369 1062 417 Da.
1100 369 1208 434 Ego
1228 384 1341 417 vero
1361 368 1499 416 istuc.

370 455 443 502 Si.
483 455 581 502 Sed
604 470 736 501 nuno
762 469 819 500 ea
842 468 919 500 me
945 451 1211 514 exquirere,

169 537 333 600 Iniqui
356 536 505 600 patris
530 545 628 584 est:
666 552 795 595 nam,
822 534 950 597 quod
987 533 1191 581 antehac
1227 533 1359 593 feeit,
1380 531 1504 580 nihil

374 620 433 667 ad
457 636 535 667 me
561 619 743 667 attinet.

171 702 304 750 Dum
339 711 528 765 tempus
565 702 623 749 ad
660 717 766 748 eam
802 716 902 747 rem
931 699 1057 759 tulit,
1083 698 1188 758 sivi,
1217 698 1430 746 animum
1454 706 1509 746 ut

372 784 584 847 expleret
608 798 747 830 suum
766 798 776 830 z

172 866 322 914 Nune
363 866 444 913 hio
486 865 589 912 dies
632 864 774 912 aliam
814 863 960 911 vitam
1004 863 1153 923 affert,
1193 862 1311 910 alios
1347 878 1506 910 mores

370 947 594 1011 postulat.

172 1030 367 1078 Dehinc
389 1029 598 1093 postule,
625 1029 724 1076 sive
759 1044 949 1091 aequum
974 1029 1048 1088 'st,
1074 1035 1121 1074 te
1146 1042 1248 1087 oro,
1274 1026 1427 1086 Dave,
1455 1035 1509 1074 ut

371 1111 536 1159 redeat
556 1110 654 1174 jam
681 1110 730 1158 in
754 1110 894 1157 viam.

95 1198 149 1239 20
174 1194 278 1242 Da.
317 1193 431 1240 Hoc
451 1193 566 1255 quid
586 1192 680 1239 sit?
751 1192 823 1239 Si.
851 1191 1036 1239 Omnes
1056 1190 1137 1254 qui
1160 1199 1336 1250 amant,
1358 1189 1511 1254 gravi·

373 1285 445 1323 ter
470 1276 562 1323 sibi
587 1275 690 1322 dari
713 1291 912 1322 uxorem
938 1274 1111 1322 ferunt.

174 1359 279 1407 Da.
317 1357 393 1405 Ita
413 1358 559 1405 aiunt.
632 1357 703 1405 Si.
741 1357 873 1404 Tum
894 1357 934 1404 si
954 1356 1060 1419 quis
1080 1355 1359 1420 magistrum
1383 1355 1511 1419 cepit

378 1440 437 1487 ad
461 1456 566 1487 eam
591 1455 692 1487 rem
717 1439 1006 1502 improbum,

174 1522 342 1586 Ipsum
379 1522 591 1569 animum
628 1528 860 1584 aegrotum
900 1520 958 1566 ad
994 1519 1281 1567 deteriorem
1326 1527 1509 1582 partem

373 1603 657 1667 plerumque
683 1601 902 1665 applicat.

176 1687 281 1736 Da.
319 1686 436 1733 Non
479 1684 688 1751 (hercle)
732 1683 963 1748 intelligo.
1070 1683 1142 1731 Si.
1181 1682 1330 1730 Non?
1384 1683 1508 1731 hem.

377 1767 480 1815 Da.
519 1766 662 1814 Non:
701 1766 866 1813 Davus
891 1782 1012 1825 sum,
1037 1781 1134 1812 non
1159 1764 1387 1828 OEdipus.

177 1850 251 1898 Si.
277 1849 468 1912 Nempe
485 1864 600 1912 ergo
622 1857 782 1911 aperte
801 1848 887 1907 vis,
908 1864 1012 1910 quae
1032 1856 1228 1906 restant,
1250 1863 1326 1893 me
1345 1847 1510 1910 loqui?

376 1931 479 1978 Da.
519 1931 647 1977 Sane
674 1929 879 1992 quidem.

100 2025 154 2065 25
179 2013 251 2060 Si.
291 2013 345 2060 Si
371 2028 565 2060 sensero
591 2012 736 2058 hodie
761 2011 1022 2073 quidquam
1048 2010 1097 2057 in
1122 2010 1196 2057 his
1222 2019 1268 2057 te
1292 2010 1473 2073 nuptiis

179 2095 407 2144 Fallaeiae
433 2094 616 2153 conari,
644 2110 738 2155 quo
763 2094 879 2140 fiant
903 2092 1088 2150 minus;

180 2178 282 2224 Aut
306 2177 427 2224 velle
452 2176 501 2222 in
526 2176 584 2222 effi
609 2191 660 2222 re
685 2175 890 2234 ostendi,
917 2190 1059 2236 quam
1084 2174 1148 2221 sis
1174 2173 1403 2232 callidus;

180 2258 478 2307 Verberibus
505 2273 681 2304 caesum
706 2265 769 2315 te,
796 2256 947 2316 Dave,
975 2255 1023 2303 in
1046 2255 1302 2319 pistrinum
1339 2254 1510 2303 dedam

381 2355 532 2403 usque
558 2338 616 2386 ad
640 2354 810 2386 necem
825 2355 837 2398 ;
