1648 2738
397 94 649 131 ADELPHI.
700 95 804 132 Acw.
823 95 890 131 1v.
925 95 1051 132 Sem.
1068 96 1103 132 4.
1376 90 1468 137 117

82 216 312 275 Tantum,
349 226 400 264 ut
424 234 577 280 neque
602 218 715 279 quid
751 234 826 264 me
859 218 1048 277 faciam,
1089 234 1245 279 neque
1282 219 1394 280 quid

279 316 432 362 agam,
459 308 639 347 certum
665 300 790 347 siet?

82 378 302 426 Membra
325 388 455 426 metu
481 380 657 427 debilia
676 388 812 427 sunt:
852 380 1039 427 animus
1056 380 1228 427 timore
1253 381 1396 428 obsti·

274 469 391 522 pult.

79 539 282 587 Pectore
327 540 587 587 consistere
644 540 760 586 nihil
811 540 1000 587 consilii
1047 541 1160 602 quit.
1253 541 1391 588 Vah!

274 621 512 682 quomodo

77 700 161 748 Me
185 717 242 748 ex
266 702 357 748 hac
381 702 628 763 expediam
653 703 829 749 turba?
864 711 996 751 tanta
1020 718 1148 749 nunc
1184 703 1393 765 suspicio

272 782 330 827 de
356 797 431 828 me
457 782 657 839 incidit3
1416 794 1442 832 5

75 860 248 923 Neque
283 877 339 907 ea
376 862 626 908 immerito.
714 863 929 909 Sostrata
962 864 1128 921 credit,
1165 864 1281 910 mihi
1317 880 1393 911 me

268 941 510 1003 psaltriam
537 942 661 988 hanc

73 1019 292 1067 Emisse:
332 1021 379 1066 id
407 1037 524 1067 anus
551 1021 664 1068 fecit
690 1021 921 1068 indicium
948 1023 1078 1069 mihi.

73 1099 200 1147 Nam
226 1109 278 1146 ut
302 1101 413 1147 hinc
441 1101 559 1147 forte
584 1117 639 1147 ea
666 1103 722 1147 ad
749 1102 1054 1148 obstetricem
1081 1112 1180 1149 erat
1217 1104 1390 1172 missa5

268 1181 348 1227 ubi
373 1197 475 1227 eam
503 1182 614 1240 vidi,
642 1182 771 1228 illico

72 1259 287 1319 Accedo,
312 1261 485 1324 rogito,
511 1262 759 1324 Pamphila
785 1263 898 1324 quid
924 1265 1066 1326 agat?
1097 1264 1194 1326 jam
1230 1272 1392 1326 partus

270 1341 421 1388 adsiet
439 1343 457 1388 ’ἔ

70 1419 208 1467 Eone
232 1421 536 1468 obstetricem
565 1424 808 1470 arcessat?
844 1423 924 1470 illa
962 1424 1211 1479 exclamat,
1239 1424 1389 1484 “Abi,

270 1501 345 1547 abi
367 1503 482 1563 jam,
512 1503 775 1550 AEschine!
1415 1509 1465 1549 10

72 1579 199 1626 Satis
223 1581 305 1626 diu
330 1582 501 1628 dedisti
527 1583 668 1628 verba
691 1600 700 1628 ε
738 1592 808 1630 sat
834 1584 989 1630 adhuc
1031 1593 1113 1631 tua
1153 1601 1238 1631 nos
1274 1585 1391 1631 frus-

265 1670 387 1707 trata
412 1664 470 1708 'st
496 1663 658 1710 fides.’'

70 1745 98 1766 “
122 1739 279 1787 Hem!
317 1742 429 1803 quid
473 1742 595 1788 istuc
641 1744 888 1802 obsecro‚’'
934 1745 1142 1806 inquam,
1180 1747 1386 1793 “esti''

268 1826 297 1847 “
320 1822 493 1868 Valeas
516 1839 524 1868 :
562 1823 735 1869 habeas
762 1824 904 1882 illam,
930 1842 1032 1886 quae
1055 1826 1257 1887 placet.''

68 1901 208 1947 Sensi
235 1901 364 1947 illico
391 1903 436 1948 id
463 1903 565 1949 illas
601 1904 831 1966 suspicari
853 1921 862 1950 t
900 1906 982 1951 sed
1008 1922 1082 1951 me
1107 1907 1390 1968 reprehendi

266 1990 444 2039 tamen,
658 2044 661 2047 ,

65 2059 145 2106 Ne
181 2061 293 2122 quid
331 2062 389 2107 de
426 2062 568 2108 fratre
593 2064 794 2126 garrulae
821 2064 888 2110 illi
914 2064 1141 2123 dicerem,
1170 2082 1226 2112 ac
1251 2066 1386 2112 fieret

261 2142 433 2203 palam.

65 2219 214 2268 Nunc
261 2222 374 2283 quid
422 2223 631 2270 faciam?
667 2225 823 2271 dicam
870 2226 1026 2273 fratris
1072 2242 1177 2273 esse
1224 2227 1386 2273 hanc?

261 2302 389 2363 quod
415 2303 612 2349 minime
638 2306 695 2351 'st
719 2320 839 2367 opus
1410 2323 1460 2362 15
