<?xml version="1.0" encoding="UTF-8"?>
<!DOCTYPE html PUBLIC "-//W3C//DTD XHTML 1.0 Transitional//EN"
    "http://www.w3.org/TR/xhtml1/DTD/xhtml1-transitional.dtd">
<html xmlns="http://www.w3.org/1999/xhtml" xml:lang="en" lang="en">
 <head>
  <title>
</title>
<meta http-equiv="Content-Type" content="text/html;charset=utf-8" />
  <meta name='ocr-system' content='tesseract 3.04.00' />
  <meta name='ocr-capabilities' content='ocr_page ocr_carea ocr_par ocr_line ocrx_word'/>
</head>
<body>
  <div class='ocr_page' id='page_1' title='image "andriaadelphique00tere_0133.png"; bbox 0 0 1648 2738; ppageno 0'>
   <div class='ocr_carea' id='block_1_1' title="bbox 442 89 1504 137">
    <p class='ocr_par' dir='ltr' id='par_1_1' title="bbox 442 89 1504 137">
     <span class='ocr_line' id='line_1_1' title="bbox 442 89 1504 137; baseline 0.008 -8"><span class='ocrx_word' id='word_1_1' title='bbox 442 94 694 130; x_wconf 84' lang='lat' dir='ltr'><strong>ADELPHI.</strong></span> <span class='ocrx_word' id='word_1_2' title='bbox 745 94 846 131; x_wconf 68' lang='lat' dir='ltr'>Aer.</span> <span class='ocrx_word' id='word_1_3' title='bbox 869 94 915 130; x_wconf 88' lang='lat' dir='ltr'>v.</span> <span class='ocrx_word' id='word_1_4' title='bbox 950 95 1077 131; x_wconf 67' lang='lat' dir='ltr'>scm.</span> <span class='ocrx_word' id='word_1_5' title='bbox 1099 96 1130 131; x_wconf 84' lang='lat'>1.</span> <span class='ocrx_word' id='word_1_6' title='bbox 1411 89 1504 137; x_wconf 77' lang='lat'>127</span> 
     </span>
    </p>
   </div>
   <div class='ocr_carea' id='block_1_2' title="bbox 121 216 1243 360">
    <p class='ocr_par' dir='ltr' id='par_1_2' title="bbox 121 216 1243 360">
     <span class='ocr_line' id='line_1_2' title="bbox 122 216 1130 279; baseline 0.002 -17"><span class='ocrx_word' id='word_1_7' title='bbox 122 217 279 263; x_wconf 82' lang='lat' dir='ltr'>Senex</span> <span class='ocrx_word' id='word_1_8' title='bbox 304 216 537 263; x_wconf 83' lang='lat' dir='ltr'>delirans:</span> <span class='ocrx_word' id='word_1_9' title='bbox 576 217 692 279; x_wconf 85' lang='lat' dir='ltr'>ipsa,</span> <span class='ocrx_word' id='word_1_10' title='bbox 721 217 759 263; x_wconf 90' lang='lat' dir='ltr'>si</span> <span class='ocrx_word' id='word_1_11' title='bbox 785 217 962 279; x_wconf 79' lang='lat' dir='ltr'>cupiat,</span> <span class='ocrx_word' id='word_1_12' title='bbox 990 218 1130 264; x_wconf 85' lang='lat' dir='ltr'>Salus</span> 
     </span>
     <span class='ocr_line' id='line_1_3' title="bbox 121 297 1243 360; baseline 0.003 -18"><span class='ocrx_word' id='word_1_13' title='bbox 121 297 318 343; x_wconf 88' lang='lat' dir='ltr'>Servare</span> <span class='ocrx_word' id='word_1_14' title='bbox 342 314 533 360; x_wconf 87' lang='lat' dir='ltr'>prorsus</span> <span class='ocrx_word' id='word_1_15' title='bbox 558 314 654 346; x_wconf 88' lang='lat' dir='ltr'>non</span> <span class='ocrx_word' id='word_1_16' title='bbox 677 307 831 360; x_wconf 88' lang='lat' dir='ltr'>potest</span> <span class='ocrx_word' id='word_1_17' title='bbox 854 299 978 344; x_wconf 81' lang='lat' dir='ltr'>hanc</span> <span class='ocrx_word' id='word_1_18' title='bbox 1004 298 1243 346; x_wconf 84' lang='lat' dir='ltr'>familiam.</span> 
     </span>
    </p>
   </div>
   <div class='ocr_carea' id='block_1_3' title="bbox 460 516 1073 690">
    <p class='ocr_par' dir='ltr' id='par_1_3' title="bbox 460 516 1073 690">
     <span class='ocr_line' id='line_1_4' title="bbox 460 516 1073 561; baseline -0.002 0"><span class='ocrx_word' id='word_1_19' title='bbox 460 517 667 561; x_wconf 85' lang='lat' dir='ltr'>ACTUS</span> <span class='ocrx_word' id='word_1_20' title='bbox 698 517 753 560; x_wconf 90' lang='lat' dir='ltr'>V.</span> <span class='ocrx_word' id='word_1_21' title='bbox 804 516 1009 560; x_wconf 86' lang='lat' dir='ltr'><strong>SCENA</strong></span> <span class='ocrx_word' id='word_1_22' title='bbox 1040 518 1073 560; x_wconf 90' lang='grc' dir='ltr'>Ῑ.</span> 
     </span>
     <span class='ocr_line' id='line_1_5' title="bbox 551 643 992 690; baseline 0.002 -1"><span class='ocrx_word' id='word_1_23' title='bbox 551 643 729 690; x_wconf 77' lang='lat' dir='ltr'><strong>SYRUS.</strong></span> <span class='ocrx_word' id='word_1_24' title='bbox 788 643 992 690; x_wconf 77' lang='lat' dir='ltr'><strong>DEMEA.</strong></span> 
     </span>
    </p>
   </div>
   <div class='ocr_carea' id='block_1_4' title="bbox 116 772 1426 996">
    <p class='ocr_par' dir='ltr' id='par_1_4' title="bbox 116 772 1426 996">
     <span class='ocr_line' id='line_1_6' title="bbox 182 772 1289 836; baseline 0.001 -17"><span class='ocrx_word' id='word_1_25' title='bbox 182 772 267 835; x_wconf 72' lang='lat' dir='ltr'>Sy.</span> <span class='ocrx_word' id='word_1_26' title='bbox 306 774 548 832; x_wconf 82' lang='lat' dir='ltr'>AEDEPOL,</span> <span class='ocrx_word' id='word_1_27' title='bbox 577 775 784 836; x_wconf 82' lang='lat' dir='ltr'>Syrisce,</span> <span class='ocrx_word' id='word_1_28' title='bbox 811 783 856 820; x_wconf 88' lang='lat' dir='ltr'>te</span> <span class='ocrx_word' id='word_1_29' title='bbox 882 774 1061 821; x_wconf 56' lang='lat' dir='ltr'>curasti</span> <span class='ocrx_word' id='word_1_30' title='bbox 1085 774 1289 820; x_wconf 89' lang='lat' dir='ltr'>molliter</span> 
     </span>
     <span class='ocr_line' id='line_1_7' title="bbox 117 853 1095 915; baseline 0.002 -16"><span class='ocrx_word' id='word_1_31' title='bbox 117 853 363 915; x_wconf 81' lang='lat' dir='ltr'>Lauteque</span> <span class='ocrx_word' id='word_1_32' title='bbox 388 870 559 900; x_wconf 88' lang='lat' dir='ltr'>munus</span> <span class='ocrx_word' id='word_1_33' title='bbox 586 855 924 901; x_wconf 52' lang='lat' dir='ltr'>administrasti</span> <span class='ocrx_word' id='word_1_34' title='bbox 948 864 1095 901; x_wconf 88' lang='lat' dir='ltr'>tuum.</span> 
     </span>
     <span class='ocr_line' id='line_1_8' title="bbox 116 934 1426 996; baseline 0.002 -16"><span class='ocrx_word' id='word_1_35' title='bbox 116 934 244 981; x_wconf 89' lang='lat' dir='ltr'>Abi!</span> <span class='ocrx_word' id='word_1_36' title='bbox 282 935 380 993; x_wconf 87' lang='lat' dir='ltr'>sed,</span> <span class='ocrx_word' id='word_1_37' title='bbox 418 944 665 996; x_wconf 82' lang='lat' dir='ltr'>postquam</span> <span class='ocrx_word' id='word_1_38' title='bbox 709 936 835 981; x_wconf 87' lang='lat' dir='ltr'>intus</span> <span class='ocrx_word' id='word_1_39' title='bbox 873 951 975 981; x_wconf 88' lang='lat' dir='ltr'>sum</span> <span class='ocrx_word' id='word_1_40' title='bbox 1014 935 1226 981; x_wconf 89' lang='lat' dir='ltr'>omnium</span> <span class='ocrx_word' id='word_1_41' title='bbox 1269 951 1426 982; x_wconf 87' lang='lat' dir='ltr'>rerum</span> 
     </span>
    </p>
   </div>
   <div class='ocr_carea' id='block_1_5' title="bbox 113 1024 1474 1723">
    <p class='ocr_par' dir='ltr' id='par_1_5' title="bbox 310 1024 454 1073">
     <span class='ocr_line' id='line_1_9' title="bbox 310 1024 454 1073; baseline 0 -12"><span class='ocrx_word' id='word_1_42' title='bbox 310 1024 454 1073; x_wconf 84' lang='lat' dir='ltr'>satur,</span> 
     </span>
    </p>

    <p class='ocr_par' dir='ltr' id='par_1_6' title="bbox 115 1094 1427 1223">
     <span class='ocr_line' id='line_1_10' title="bbox 115 1094 1427 1143; baseline 0.001 -2"><span class='ocrx_word' id='word_1_43' title='bbox 115 1094 514 1142; x_wconf 80' lang='lat' dir='ltr'>Prodeambulare</span> <span class='ocrx_word' id='word_1_44' title='bbox 555 1096 649 1142; x_wconf 84' lang='lat' dir='ltr'>huc</span> <span class='ocrx_word' id='word_1_45' title='bbox 686 1096 993 1142; x_wconf 81' lang='lat' dir='ltr'>libitumest.</span> <span class='ocrx_word' id='word_1_46' title='bbox 1074 1095 1165 1143; x_wconf 80' lang='lat' dir='ltr'>De.</span> <span class='ocrx_word' id='word_1_47' title='bbox 1203 1096 1328 1142; x_wconf 90' lang='lat' dir='ltr'>Illud</span> <span class='ocrx_word' id='word_1_48' title='bbox 1362 1096 1427 1143; x_wconf 87' lang='lat' dir='ltr'>sis</span> 
     </span>
     <span class='ocr_line' id='line_1_11' title="bbox 310 1177 415 1223; baseline 0.01 -1"><span class='ocrx_word' id='word_1_49' title='bbox 310 1177 415 1223; x_wconf 90' lang='lat' dir='ltr'>vide</span> 
     </span>
    </p>

    <p class='ocr_par' dir='ltr' id='par_1_7' title="bbox 114 1256 1474 1390">
     <span class='ocr_line' id='line_1_12' title="bbox 114 1256 1426 1320; baseline 0 -16"><span class='ocrx_word' id='word_1_50' title='bbox 114 1256 396 1320; x_wconf 82' lang='lat' dir='ltr'>Exemplum</span> <span class='ocrx_word' id='word_1_51' title='bbox 443 1257 733 1320; x_wconf 65' lang='lat' dir='ltr'>disciplinae!</span> <span class='ocrx_word' id='word_1_52' title='bbox 826 1258 909 1320; x_wconf 74' lang='lat' dir='ltr'>Sy.</span> <span class='ocrx_word' id='word_1_53' title='bbox 964 1258 1095 1304; x_wconf 83' lang='lat' dir='ltr'>Ecce</span> <span class='ocrx_word' id='word_1_54' title='bbox 1143 1271 1299 1304; x_wconf 86' lang='lat' dir='ltr'>autem</span> <span class='ocrx_word' id='word_1_55' title='bbox 1346 1256 1426 1304; x_wconf 80' lang='lat' dir='ltr'>hic</span> 
     </span>
     <span class='ocr_line' id='line_1_13' title="bbox 312 1339 1474 1390; baseline 0.006 -7"><span class='ocrx_word' id='word_1_56' title='bbox 312 1339 443 1385; x_wconf 84' lang='lat' dir='ltr'>adest</span> <span class='ocrx_word' id='word_1_57' title='bbox 1449 1352 1474 1390; x_wconf 84' lang='lat'>5</span> 
     </span>
    </p>

    <p class='ocr_par' dir='ltr' id='par_1_8' title="bbox 115 1419 1423 1546">
     <span class='ocr_line' id='line_1_14' title="bbox 115 1419 1423 1481; baseline 0.001 -17"><span class='ocrx_word' id='word_1_58' title='bbox 115 1419 272 1465; x_wconf 86' lang='lat' dir='ltr'>Senex</span> <span class='ocrx_word' id='word_1_59' title='bbox 297 1428 468 1466; x_wconf 85' lang='lat' dir='ltr'>noster.</span> <span class='ocrx_word' id='word_1_60' title='bbox 538 1420 673 1470; x_wconf 79' lang='lat' dir='ltr'>Quid</span> <span class='ocrx_word' id='word_1_61' title='bbox 700 1420 779 1466; x_wconf 68' lang='lat' dir='ltr'>fit?</span> <span class='ocrx_word' id='word_1_62' title='bbox 817 1420 930 1481; x_wconf 91' lang='lat' dir='ltr'>quid</span> <span class='ocrx_word' id='word_1_63' title='bbox 955 1428 1005 1466; x_wconf 83' lang='lat' dir='ltr'>tu</span> <span class='ocrx_word' id='word_1_64' title='bbox 1023 1436 1072 1465; x_wconf 87' lang='lat' dir='ltr'>es</span> <span class='ocrx_word' id='word_1_65' title='bbox 1087 1419 1271 1466; x_wconf 69' lang='lat' dir='ltr'>tristis?</span> <span class='ocrx_word' id='word_1_66' title='bbox 1329 1420 1423 1466; x_wconf 84' lang='lat' dir='ltr'>De.</span> 
     </span>
     <span class='ocr_line' id='line_1_15' title="bbox 309 1499 639 1546; baseline 0.003 -1"><span class='ocrx_word' id='word_1_67' title='bbox 309 1499 418 1546; x_wconf 90' lang='lat' dir='ltr'>Oh!</span> <span class='ocrx_word' id='word_1_68' title='bbox 457 1500 639 1546; x_wconf 80' lang='lat' dir='ltr'>scelus!</span> 
     </span>
    </p>

    <p class='ocr_par' dir='ltr' id='par_1_9' title="bbox 113 1579 1337 1642">
     <span class='ocr_line' id='line_1_16' title="bbox 113 1579 1337 1642; baseline 0.001 -17"><span class='ocrx_word' id='word_1_69' title='bbox 113 1579 197 1641; x_wconf 76' lang='lat' dir='ltr'>Sy.</span> <span class='ocrx_word' id='word_1_70' title='bbox 234 1579 358 1639; x_wconf 80' lang='lat' dir='ltr'>Ohe,</span> <span class='ocrx_word' id='word_1_71' title='bbox 381 1580 505 1642; x_wconf 82' lang='lat' dir='ltr'>jam!</span> <span class='ocrx_word' id='word_1_72' title='bbox 543 1589 593 1627; x_wconf 83' lang='lat' dir='ltr'>tu</span> <span class='ocrx_word' id='word_1_73' title='bbox 620 1582 760 1627; x_wconf 84' lang='lat' dir='ltr'>verba</span> <span class='ocrx_word' id='word_1_74' title='bbox 784 1580 941 1627; x_wconf 89' lang='lat' dir='ltr'>fundis</span> <span class='ocrx_word' id='word_1_75' title='bbox 967 1580 1045 1628; x_wconf 77' lang='lat' dir='ltr'>hio</span> <span class='ocrx_word' id='word_1_76' title='bbox 1071 1580 1337 1642; x_wconf 74' lang='lat' dir='ltr'>sapientia?</span> 
     </span>
    </p>

    <p class='ocr_par' dir='ltr' id='par_1_10' title="bbox 113 1660 1425 1723">
     <span class='ocr_line' id='line_1_17' title="bbox 113 1660 1425 1723; baseline 0.001 -17"><span class='ocrx_word' id='word_1_77' title='bbox 113 1660 205 1707; x_wconf 83' lang='lat' dir='ltr'>De.</span> <span class='ocrx_word' id='word_1_78' title='bbox 242 1660 406 1708; x_wconf 71' lang='lat' dir='ltr'>Tun&#39;?</span> <span class='ocrx_word' id='word_1_79' title='bbox 443 1661 480 1707; x_wconf 86' lang='lat' dir='ltr'>si</span> <span class='ocrx_word' id='word_1_80' title='bbox 498 1678 630 1707; x_wconf 89' lang='lat' dir='ltr'>meus</span> <span class='ocrx_word' id='word_1_81' title='bbox 649 1678 777 1708; x_wconf 87' lang='lat' dir='ltr'>esses</span> <span class='ocrx_word' id='word_1_82' title='bbox 813 1699 822 1708; x_wconf 89' lang='lat'><strong>.</strong></span> <span class='ocrx_word' id='word_1_83' title='bbox 862 1698 871 1707; x_wconf 90' lang='lat'>.</span> <span class='ocrx_word' id='word_1_84' title='bbox 910 1698 919 1708; x_wconf 89' lang='lat'><strong><em>.</em></strong></span> <span class='ocrx_word' id='word_1_85' title='bbox 959 1698 968 1708; x_wconf 89' lang='lat'>.</span> <span class='ocrx_word' id='word_1_86' title='bbox 1006 1661 1092 1723; x_wconf 75' lang='lat' dir='ltr'>Sy.</span> <span class='ocrx_word' id='word_1_87' title='bbox 1130 1661 1218 1707; x_wconf 89' lang='lat' dir='ltr'>Dis</span> <span class='ocrx_word' id='word_1_88' title='bbox 1234 1661 1425 1722; x_wconf 89' lang='lat' dir='ltr'>quidem</span> 
     </span>
    </p>
   </div>
   <div class='ocr_carea' id='block_1_6' title="bbox 112 1741 1500 2434">
    <p class='ocr_par' dir='ltr' id='par_1_11' title="bbox 310 1741 673 1800">
     <span class='ocr_line' id='line_1_18' title="bbox 310 1741 673 1800; baseline 0 -13"><span class='ocrx_word' id='word_1_89' title='bbox 310 1757 454 1800; x_wconf 85' lang='lat' dir='ltr'>esses,</span> <span class='ocrx_word' id='word_1_90' title='bbox 476 1741 673 1799; x_wconf 84' lang='lat' dir='ltr'>Demea,</span> 
     </span>
    </p>

    <p class='ocr_par' dir='ltr' id='par_1_12' title="bbox 113 1821 1424 1949">
     <span class='ocr_line' id='line_1_19' title="bbox 113 1821 1424 1884; baseline -0.001 -16"><span class='ocrx_word' id='word_1_91' title='bbox 113 1822 190 1868; x_wconf 81' lang='lat' dir='ltr'>Ac</span> <span class='ocrx_word' id='word_1_92' title='bbox 235 1831 364 1868; x_wconf 82' lang='lat' dir='ltr'>tuam</span> <span class='ocrx_word' id='word_1_93' title='bbox 411 1838 509 1868; x_wconf 89' lang='lat' dir='ltr'>rem</span> <span class='ocrx_word' id='word_1_94' title='bbox 559 1821 925 1868; x_wconf 79' lang='lat' dir='ltr'>constabilisses.</span> <span class='ocrx_word' id='word_1_95' title='bbox 1011 1821 1103 1868; x_wconf 82' lang='lat' dir='ltr'>De.</span> <span class='ocrx_word' id='word_1_96' title='bbox 1141 1821 1424 1884; x_wconf 88' lang='lat' dir='ltr'>Exemplum</span> 
     </span>
     <span class='ocr_line' id='line_1_20' title="bbox 309 1904 531 1949; baseline 0.005 -1"><span class='ocrx_word' id='word_1_97' title='bbox 309 1904 531 1949; x_wconf 87' lang='lat' dir='ltr'>omnibus</span> 
     </span>
    </p>

    <p class='ocr_par' dir='ltr' id='par_1_13' title="bbox 113 1984 1500 2128">
     <span class='ocr_line' id='line_1_21' title="bbox 113 1984 1427 2047; baseline 0.001 -17"><span class='ocrx_word' id='word_1_98' title='bbox 113 1985 343 2031; x_wconf 83' lang='lat' dir='ltr'>Curarem</span> <span class='ocrx_word' id='word_1_99' title='bbox 370 1993 420 2030; x_wconf 85' lang='lat' dir='ltr'>ut</span> <span class='ocrx_word' id='word_1_100' title='bbox 439 2001 578 2031; x_wconf 85' lang='lat' dir='ltr'>esses.</span> <span class='ocrx_word' id='word_1_101' title='bbox 650 1985 733 2047; x_wconf 74' lang='lat' dir='ltr'>Sy.</span> <span class='ocrx_word' id='word_1_102' title='bbox 770 1984 1132 2034; x_wconf 67' lang='lat' dir='ltr'>Quamobrem?</span> <span class='ocrx_word' id='word_1_103' title='bbox 1167 1984 1280 2045; x_wconf 89' lang='lat' dir='ltr'>quid</span> <span class='ocrx_word' id='word_1_104' title='bbox 1300 1984 1427 2031; x_wconf 71' lang='lat' dir='ltr'>fec-i?</span> 
     </span>
     <span class='ocr_line' id='line_1_22' title="bbox 309 2065 1500 2128; baseline 0 -17"><span class='ocrx_word' id='word_1_105' title='bbox 309 2065 400 2112; x_wconf 86' lang='lat' dir='ltr'>De.</span> <span class='ocrx_word' id='word_1_106' title='bbox 439 2065 642 2128; x_wconf 67' lang='lat' dir='ltr'>Rogas?</span> <span class='ocrx_word' id='word_1_107' title='bbox 682 2066 685 2069; x_wconf 46' lang='lat'><strong>⁴</strong></span> <span class='ocrx_word' id='word_1_108' title='bbox 1450 2086 1500 2125; x_wconf 84' lang='lat'>10</span> 
     </span>
    </p>

    <p class='ocr_par' dir='ltr' id='par_1_14' title="bbox 115 2145 1206 2208">
     <span class='ocr_line' id='line_1_23' title="bbox 115 2145 1206 2208; baseline 0 -17"><span class='ocrx_word' id='word_1_109' title='bbox 115 2145 172 2192; x_wconf 91' lang='lat' dir='ltr'>In</span> <span class='ocrx_word' id='word_1_110' title='bbox 197 2145 298 2207; x_wconf 53' lang='lat' dir='ltr'>ips&amp;</span> <span class='ocrx_word' id='word_1_111' title='bbox 323 2147 478 2204; x_wconf 53' lang='lat' dir='ltr'>turba,</span> <span class='ocrx_word' id='word_1_112' title='bbox 507 2156 645 2208; x_wconf 81' lang='lat' dir='ltr'>atque</span> <span class='ocrx_word' id='word_1_113' title='bbox 672 2146 719 2192; x_wconf 90' lang='lat' dir='ltr'>in</span> <span class='ocrx_word' id='word_1_114' title='bbox 746 2155 944 2208; x_wconf 80' lang='lat' dir='ltr'>peccato</span> <span class='ocrx_word' id='word_1_115' title='bbox 968 2161 1206 2203; x_wconf 85' lang='lat' dir='ltr'>maxumo,</span> 
     </span>
    </p>

    <p class='ocr_par' dir='ltr' id='par_1_15' title="bbox 112 2226 1275 2288">
     <span class='ocr_line' id='line_1_24' title="bbox 112 2226 1275 2288; baseline -0.002 -15"><span class='ocrx_word' id='word_1_116' title='bbox 112 2226 261 2276; x_wconf 78' lang='lat' dir='ltr'>Quod</span> <span class='ocrx_word' id='word_1_117' title='bbox 287 2227 362 2273; x_wconf 88' lang='lat' dir='ltr'>vix</span> <span class='ocrx_word' id='word_1_118' title='bbox 385 2228 597 2273; x_wconf 81' lang='lat' dir='ltr'>sedatum</span> <span class='ocrx_word' id='word_1_119' title='bbox 625 2227 738 2273; x_wconf 82' lang='lat' dir='ltr'>satis</span> <span class='ocrx_word' id='word_1_120' title='bbox 762 2235 848 2284; x_wconf 85' lang='lat' dir='ltr'>est,</span> <span class='ocrx_word' id='word_1_121' title='bbox 874 2226 1063 2288; x_wconf 51' lang='lat' dir='ltr'>potasti,</span> <span class='ocrx_word' id='word_1_122' title='bbox 1090 2227 1275 2272; x_wconf 85' lang='lat' dir='ltr'>scelus!</span> 
     </span>
    </p>

    <p class='ocr_par' dir='ltr' id='par_1_16' title="bbox 113 2305 1423 2434">
     <span class='ocr_line' id='line_1_25' title="bbox 113 2305 1423 2371; baseline -0.002 -16"><span class='ocrx_word' id='word_1_123' title='bbox 113 2307 268 2358; x_wconf 80' lang='lat' dir='ltr'>Quasi</span> <span class='ocrx_word' id='word_1_124' title='bbox 314 2324 364 2353; x_wconf 87' lang='lat' dir='ltr'>re</span> <span class='ocrx_word' id='word_1_125' title='bbox 413 2308 533 2354; x_wconf 88' lang='lat' dir='ltr'>bene</span> <span class='ocrx_word' id='word_1_126' title='bbox 567 2308 716 2371; x_wconf 63' lang='lat' dir='ltr'>gestzi.</span> <span class='ocrx_word' id='word_1_127' title='bbox 809 2307 894 2369; x_wconf 72' lang='lat' dir='ltr'>Sy.</span> <span class='ocrx_word' id='word_1_128' title='bbox 945 2308 1070 2353; x_wconf 87' lang='lat' dir='ltr'>Sane</span> <span class='ocrx_word' id='word_1_129' title='bbox 1117 2306 1292 2353; x_wconf 91' lang='lat' dir='ltr'>nollem</span> <span class='ocrx_word' id='word_1_130' title='bbox 1329 2305 1423 2353; x_wconf 80' lang='lat' dir='ltr'>huo</span> 
     </span>
     <span class='ocr_line' id='line_1_26' title="bbox 312 2387 506 2434; baseline -0.005 0"><span class='ocrx_word' id='word_1_131' title='bbox 312 2387 506 2434; x_wconf 87' lang='lat' dir='ltr'>exitum.</span> 
     </span>
    </p>
   </div>
  </div>
 </body>
</html>
