1648 2738
415 94 636 132 ANDRIA.
689 94 791 132 Ac'r.
812 93 878 130 IV.
913 94 1040 130 Scnx.
1059 94 1094 130 4.
1412 84 1477 130 59

93 218 194 282 My.
233 217 330 277 Tu,
368 219 445 280 pol
488 219 648 276 homo,
687 234 785 264 non
809 233 860 264 es
884 217 1083 264 sobrius.
1155 216 1257 262 Da.
1296 215 1401 261 Fal-

287 299 411 346 laoia

92 379 204 425 Alia
229 379 365 425 aliam
391 379 551 425 trudit.
621 378 729 424 Jam
755 377 987 424 susurrari
1014 377 1171 435 audio,
1427 380 1478 419 40

90 459 258 506 Civem
300 460 512 505 Atticam
552 475 656 506 esse
697 459 835 505 hanc.
925 457 1010 504 Ch.
1051 456 1210 503 Hem!
1299 455 1400 501 Da.

285 546 314 565 “
334 540 542 586 Coactus
566 540 752 603 legibus

91 617 210 666 Eam
251 636 446 666 uxorem
488 620 677 667 duoet.''
732 619 866 682 ,My
905 619 1016 665 Au!
1065 619 1294 675 obsecr03
1345 633 1403 663 an

285 717 381 746 non
406 701 522 747 civis
547 701 653 747 est?

93 779 177 827 Oh.
215 780 513 826 Jooularium
541 781 590 827 in
616 780 791 827 malum
816 780 1025 827 insciens
1046 795 1182 842 paene
1207 778 1369 825 incidi.

90 860 192 906 Da.
228 860 356 910 Quis
394 860 473 906 hio
504 859 749 921 loquitur?
818 859 864 906 Ο
900 859 1138 906 Chreme!
1173 873 1256 921 per
1290 866 1406 904 tem-

286 955 375 1002 pus
402 940 608 987 advenis.

93 1019 336 1066 Ausculta.
410 1020 494 1067 Cle.
533 1020 710 1066 Audivi
746 1020 844 1082 jam
871 1019 1045 1066 omnia.
1116 1019 1220 1065 Da.
1258 1018 1403 1065 Anne

285 1108 336 1146 tu
361 1100 556 1147 omnia?
1429 1106 1482 1147 45

93 1178 178 1226 Ch.
217 1180 411 1239 Audivi,
451 1181 659 1242 inquam,
698 1197 725 1227 a
767 1180 1018 1243 principio.
1090 1179 1192 1226 Da.
1231 1179 1407 1226 Audis·

283 1261 386 1319 tin'‚
413 1261 651 1308 obsecro?

92 1339 217 1387 Hem
257 1342 465 1389 seelera!
520 1342 645 1388 hano
675 1342 774 1404 jam
811 1350 997 1404 oportet
1047 1341 1096 1387 in
1138 1348 1404 1388 cruclatum

284 1422 397 1469 hinc
423 1422 587 1484 abripi.

93 1502 189 1549 Hic
214 1503 293 1550 ille
317 1503 417 1550 est!
455 1519 551 1549 non
575 1511 622 1549 te
647 1503 815 1549 credas
839 1503 1024 1549 Davom
1048 1502 1227 1549 ludere.

93 1583 193 1645 JIy.
236 1583 316 1630 Me
335 1584 555 1630 miseram
577 1584 586 1630 !
624 1583 742 1630 nihil
766 1583 844 1645 pol
871 1583 974 1629 falsi
1000 1582 1114 1641 dixi,
1139 1582 1203 1629 mi
1229 1597 1387 1629 senex.

93 1663 176 1710 Cle..
216 1663 345 1710 Novi
369 1680 469 1711 rem
502 1680 706 1710 omnem.
777 1663 864 1710 Est
899 1664 1033 1710 Simo
1069 1663 1232 1710 intus?
1300 1663 1404 1710 Da.

286 1743 387 1791 Est.
1430 1747 1483 1788 50

89 1823 192 1887 My.
221 1823 298 1870 Ne
322 1840 398 1870 me
424 1824 643 1887 attingam,
669 1823 901 1870 sceleste!
961 1823 1014 1870 Si
1053 1823 1132 1886 pol
1174 1823 1401 1886 Glycerio

287 1920 384 1950 non
411 1904 572 1950 omnia
595 1904 699 1951 haeo
735 1940 989 1952 ......

91 1985 194 2032 Da.
231 1985 355 2043 Eho,
380 1985 568 2047 inepta!
606 1985 764 2032 neseis
788 1985 902 2047 quid
936 1985 997 2031 sit
1033 1986 1228 2032 actum?
1298 1985 1402 2048 My.

287 2066 391 2116 Qui
416 2066 602 2113 sciam?
686 2055 689 2057 ’

93 2146 193 2194 Da.
232 2146 330 2193 Hie
371 2162 507 2194 socer
547 2155 630 2194 est.
715 2146 828 2193 Alio
868 2155 1011 2209 pacto
1051 2146 1175 2194 haud
1218 2154 1404 2208 poterat

286 2228 405 2288 fieri,

95 2309 155 2358 Ut
177 2309 321 2358 sciret
344 2309 462 2369 haec,
488 2326 592 2372 quae
611 2309 841 2357 volumus.
899 2309 1005 2372 My.
1044 2309 1170 2357 Hem
1193 2310 1202 2356 !
1236 2308 1404 2372 praedi·

286 2405 433 2438 cereS.
