1648 2738
115 92 182 140 52
519 101 743 138 ANDmA.
794 101 899 138 Am.
919 101 988 137 1v.
1024 101 1152 138 Sem.
1170 101 1205 137 2.

117 237 170 276 55
195 224 361 271 Tuum
415 227 490 284 'st,
545 226 584 272 si
627 226 742 289 quid
788 235 958 289 praeter
1005 242 1138 289 spem
1185 225 1361 286 evenit,
1409 225 1527 273 mihi

396 299 664 371 ighoscere.

195 388 372 435 Parum
398 390 618 437 succedit
643 391 770 452 quod
798 406 888 454 ago
912 407 921 437 :
961 399 1006 436 at
1031 390 1157 436 facio
1183 390 1365 438 sedulo.

195 471 287 518 Vel
314 471 485 518 melius
508 480 610 519 tute
635 472 791 534 reperi
813 489 823 530 ;
861 488 940 519 me
967 472 1311 519 missum-face.

196 552 294 599 Pa.
334 553 525 616 Cupio:
563 554 779 613 restitue,
805 554 855 600 in
892 570 1034 616 quem
1078 569 1155 600 me
1196 552 1427 615 accepisti
1462 553 1528 599 lo-

398 651 523 682 cum.

201 716 301 764 Da.
341 717 555 764 Faciam.
628 717 725 764 Pa.
765 717 832 764 At
861 717 959 780 jam
995 717 1089 763 hoc
1126 733 1245 778 opus
1270 725 1355 764 est.
1427 716 1529 763 Da.

397 797 556 844 Hem!
595 798 668 845 st!
708 798 877 845 mane!
917 798 1203 860 concrepuit
1240 814 1267 844 a
1301 797 1531 860 Glycerio

398 880 589 926 ostium.

120 961 296 1009 eoPa.
335 960 473 1008 Nihil
526 961 583 1008 ad
630 970 692 1008 te.
781 961 885 1008 Da.
933 960 1133 1012 QuaerO.
1221 960 1321 1008 Pa.
1371 960 1530 1007 Hem!

396 1042 659 1090 Nunccine
706 1043 933 1090 demum?
1022 1042 1124 1090 Da.
1176 1042 1244 1089 At
1293 1042 1392 1105 jam
1438 1041 1533 1089 hoc

397 1125 485 1172 tibi
512 1125 759 1172 inventum
785 1125 925 1172 dabo.

720 1347 926 1391 SCENA
957 1347 1014 1390 II.

308 1476 490 1524 Mvs1s.
539 1476 851 1523 PAMPHILUS.
901 1474 1186 1522 CHARINUS.
1236 1474 1427 1523 DAths.

269 1611 374 1674 My.
413 1609 535 1669 JAM,
562 1608 751 1655 ubiubi
778 1608 884 1668 erit,
923 1608 1169 1655 inventum
1207 1608 1295 1655 tibi
1334 1607 1534 1667 curabo,

404 1702 452 1739 et
477 1708 667 1738 mecum
696 1691 973 1750 adductum,

202 1774 370 1822 Tuum
396 1773 732 1835 Pamphilum:
770 1781 821 1818 tu
857 1772 1018 1831 modo,
1047 1771 1204 1818 anime
1234 1772 1316 1830 mi,
1354 1771 1453 1818 noli
1490 1780 1536 1818 te

402 1871 659 1902 macerare.

201 1939 302 1986 Pa.
343 1937 512 2000 Mysis,
564 1936 677 1998 quid
721 1936 828 1982 est'!
911 1935 1016 1998 My.
1056 1934 1215 1981 Hem!
1254 1935 1536 1997 Pamphile!

404 2028 597 2080 optume
621 2027 668 2064 te
696 2017 810 2062 mihi
836 2016 990 2063 offers.
1063 2016 1162 2063 Pa.
1199 2016 1337 2066 Quid
1363 2018 1471 2064 est?

203 2102 309 2166 My.
347 2101 501 2147 Orare
522 2099 678 2162 jussit,
705 2099 745 2145 si
770 2114 820 2146 se
848 2114 993 2157 ames,
1021 2098 1152 2156 hera,
1173 2098 1273 2161 jam
1299 2106 1351 2144 ut
1389 2098 1447 2145 ad
1484 2114 1536 2146 se

404 2196 595 2227 vemas:

152 2275 179 2314 5
206 2266 387 2315 Videre
414 2263 477 2310 ait
501 2271 547 2309 te
574 2277 763 2324 cupere.
835 2261 934 2308 Pa.
961 2259 1097 2307 Vah!
1135 2260 1287 2323 perii:
1326 2260 1421 2307 hoc
1444 2276 1542 2307 ma-

404 2347 504 2393 lum
531 2342 828 2407 integrascit.
