1648 2738
98 83 166 132 20
509 92 735 130 ANmer.
786 92 891 130 Aer.
912 91 943 129 1.
977 91 1107 129 scm«.
1124 90 1161 128 3.

178 217 274 265 Cui
315 218 461 266 verba
501 218 616 265 dare
656 217 855 265 difficile
902 225 988 265 est.
1059 215 1279 264 Primum
1315 215 1416 280 jam
1457 213 1519 262 de

380 315 542 346 amore
566 299 661 346 hoc
686 298 923 362 comperit
943 315 954 345 ε

178 379 265 427 Me
299 379 518 426 infensus
552 388 724 439 servat,
761 395 824 426 ne
859 395 1002 441 quam
1040 377 1215 425 faciam
1252 377 1302 424 in
1338 376 1520 441 nuptiis

380 460 618 508 failaciam
640 477 650 507 :

180 543 234 591 Si
271 542 491 602 senserit,
514 541 665 605 perii:
706 550 787 589 aut
820 540 861 588 si
896 540 1104 588 lubitum
1138 540 1298 600 fuerit,
1324 555 1521 588 causam

380 624 582 687 ceperit,

179 706 300 758 Quo
329 705 455 770 jure,
482 706 674 768 queque
711 704 906 769 injurie,
928 703 1228 768 praecipitem
1254 719 1333 752 me
1358 703 1408 751 in
1431 703 1526 768 pis·

381 788 562 835 trinum
590 787 737 834 dabit.

110 873 158 912 10
183 870 264 917 Ad
300 870 405 918 haec
441 869 568 917 mala
600 869 694 916 hoc
721 868 840 916 mihi
868 868 1057 916 accedit
1081 868 1256 916 etiam:
1294 868 1400 915 haec
1425 867 1527 915 An-

384 952 506 1012 dria,

184 1034 299 1082 Sive
324 1033 417 1081 ista
440 1049 580 1093 uxor,
605 1032 706 1081 sive
734 1032 892 1080 amica
914 1041 1004 1093 est,
1029 1032 1229 1097 gravida
1253 1048 1280 1080 e
1304 1030 1529 1096 Pamphi-

382 1114 433 1163 lo
457 1124 543 1164 est.

184 1197 471 1261 Audireque
495 1213 663 1245 eorum
689 1206 763 1245 est
787 1213 945 1260 operae
968 1195 1179 1260 pretium
1206 1196 1488 1244 audaciam:

186 1278 316 1326 Nam
343 1278 559 1342 inceptio
584 1280 644 1326 'st
670 1278 953 1337 amentium,
979 1278 1107 1325 haud
1136 1276 1414 1325 amantium.

184 1360 444 1423 Quidquid
468 1360 750 1424 peperisset,
777 1360 1097 1407 decreverunt
1121 1359 1305 1406 tollere.

111 1450 163 1490 15
188 1441 253 1489 Et
275 1442 466 1506 fingunt
490 1442 732 1504 quandam
758 1441 884 1489 inter
909 1457 961 1488 se
984 1456 1117 1488 nunc
1143 1440 1402 1500 fallaciam,

189 1523 361 1572 Civem
397 1524 616 1571 Atticam
653 1539 759 1571 esse
790 1523 931 1570 hanc.
1005 1529 1034 1549 “
1054 1522 1171 1570 Fuit
1194 1522 1311 1569 olim
1336 1522 1532 1585 quidam

391 1622 563 1665 senex,-

190 1687 466 1736 Mercator:
514 1704 686 1735 navem
723 1687 764 1735 is
799 1687 943 1751 fregit
980 1687 1105 1750 apud
1142 1687 1367 1734 Andrum
1405 1687 1534 1734 insu-

390 1769 485 1816 lam
509 1786 518 1816 :

191 1851 242 1898 Is
267 1850 389 1898 obiit
408 1860 641 1898 mortem:
680 1850 748 1898 ibi
772 1859 874 1898 tum
900 1850 1026 1897 hanc
1051 1850 1255 1914 ejectam
1281 1850 1534 1913 Chrysidis

191 1933 385 1981 Patrem
410 1933 670 1995 recepisse,
695 1934 881 1992 orbam,
905 1948 1101 1995 parvam
1125 1933 1173 1979 :''
1213 1931 1414 1979 sabulae!

117 2024 170 2065 20
194 2013 320 2061 Mihi
357 2014 553 2077 quidem
593 2013 803 2081 (hercle)
842 2030 940 2061 non
976 2014 1028 2060 fit
1062 2013 1350 2072 verisimi}e;
1403 2013 1533 2076 atqui

394 2095 511 2159 ipsis
536 2105 866 2143 commentum
890 2095 1065 2158 placet.

196 2178 295 2227 Sed
331 2177 486 2241 Mysis
524 2178 582 2225 ab
607 2178 665 2225 eei
691 2177 950 2241 egreditur.
1023 2177 1090 2224 At
1115 2192 1207 2241 ego
1232 2176 1346 2224 hinc
1373 2193 1450 2224 me
1477 2177 1536 2224 ad

395 2259 569 2318 forum,
595 2267 648 2306 ut

198 2341 500 2392 Conveniam
535 2340 857 2404 Pamphilum,
884 2357 945 2389 ne
982 2341 1041 2389 de
1077 2341 1168 2388 hac
1204 2357 1256 2389 re
1290 2349 1426 2405 pater
1453 2340 1538 2388 im-

399 2422 686 2487 prudentem
712 2423 967 2486 opprimat.
