1648 2738
136 81 204 127 56
529 90 752 128 ANDRIA.
803 90 907 129 Aer.
927 91 994 129 IV.
1031 92 1161 129 Sem.
1177 91 1214 128 4.

210 214 313 262 Da.
350 215 502 275 Quia,
520 215 560 262 si
580 215 701 263 forte
720 233 841 279 opus
859 216 920 263 sit
941 216 999 263 ad
1019 217 1186 264 herum
1202 215 1535 280 jusjurandum

409 297 543 357 mihi,

209 378 326 425 Non
353 379 645 442 apposuisse,
672 388 724 426 ut
764 379 950 442 liquido
983 379 1179 442 possim.
1248 378 1354 442 My.
1391 377 1536 426 Intel-

408 461 521 525 ligo.

134 547 183 587 15
209 542 352 589 Nova
375 559 506 589 nunc
531 542 701 606 religio
727 542 774 589 in
800 551 848 589 te
874 542 1039 589 isthaee
1065 542 1279 601 incessit,
1305 542 1464 589 cedo?

208 624 312 672 Da.
351 624 497 672 Move
522 640 672 687 ocyus
691 633 755 683 te,
781 633 850 684 ut,
877 624 992 686 quid
1030 640 1184 688 agam,
1221 640 1366 687 porro
1402 622 1538 671 intel-

407 706 541 770 ligas.

206 788 319 848 Pro,
367 788 398 836 J
403 789 588 852 uppiter
610 789 620 836 Ξ
690 789 796 852 My.
838 788 977 840 Quid
1012 789 1120 836 est?
1191 787 1293 836 Da.
1332 787 1533 850 Sponsae

405 880 538 933 pater
564 870 832 918 intervenit.

206 951 454 1015 Repudio,
476 953 603 1015 quod
629 952 884 999 eonsilium
909 951 1117 1015 primum
1144 951 1458 998 intenderam.

205 1034 311 1097 My.
349 1034 534 1081 Nescio
559 1034 673 1097 quid
698 1050 874 1081 narres.
941 1033 1043 1081 Da.
1083 1033 1190 1097 Ego
1211 1047 1401 1096 quoque
1422 1031 1537 1079 hinc

406 1116 466 1163 ab
491 1116 688 1163 dexter&

129 1201 180 1241 20
207 1199 389 1246 Venire
414 1215 490 1246 me
517 1197 806 1245 assimulabo
829 1214 838 1244 ε
875 1206 943 1256 tu,
970 1206 1021 1243 ut
1046 1195 1317 1243 subservias

205 1280 447 1339 Orationi,
474 1289 736 1341 utcumque
762 1295 881 1342 opus
906 1279 967 1325 sit
991 1278 1163 1336 verbis,
1190 1278 1312 1325 vide.

205 1363 310 1425 My.
349 1362 474 1426 Ege,
501 1361 616 1424 quid
642 1378 770 1425 agas,
797 1361 917 1407 nihil
944 1360 1161 1424 intelligo
1183 1377 1192 1407 :
1231 1359 1331 1418 sed,
1354 1359 1393 1406 si
1421 1359 1535 1422 quid

406 1453 494 1502 est,

203 1526 354 1577 Quod
380 1525 488 1573 mefi
513 1525 659 1587 opera
680 1540 799 1587 opus
824 1523 884 1569 sit
905 1523 1054 1581 vobiS‚
1078 1531 1157 1569 aut
1181 1531 1230 1568 tu
1256 1522 1364 1584 plus
1383 1521 1532 1581 vides,

205 1607 419 1656 Manebo
439 1624 451 1666 ;
486 1622 549 1654 ne
574 1606 702 1669 quod
727 1614 939 1652 vostrum
963 1620 1174 1651 remorer
1210 1603 1533 1652 commodum.

701 1827 907 1871 SCENA
949 1827 1028 1871 IV.

485 1956 754 2003 CHREMES.
821 1954 998 2001 Mms.
1059 1954 1249 2002 DAvns.

272 2089 361 2138 Ch.
400 2089 702 2149 anmrron,
727 2097 996 2151 postquam,
1023 2104 1128 2150 quae
1155 2103 1275 2150 opus
1301 2085 1436 2135 fuere
1473 2087 1532 2135 ad

398 2170 589 2233 nuptias

201 2253 389 2312 Gnatae,
404 2252 584 2315 paravi,
608 2260 659 2298 ut
678 2252 874 2315 jubeam
896 2251 1086 2298 arcessi.
1146 2251 1242 2298 Sed
1263 2251 1378 2313 quid
1398 2250 1529 2298 hoe‘!

201 2334 327 2381 Puer
364 2333 527 2380 hercle
563 2333 648 2380 ’st!
705 2332 900 2391 Mulier,
935 2334 1032 2379 tun’
1064 2332 1324 2395 apposuisti
1362 2332 1530 2380 hune?

401 2415 507 2479 My.
544 2414 640 2462 Ubi
667 2414 765 2461 illie
791 2415 896 2462 est?
