<?xml version="1.0" encoding="UTF-8"?>
<!DOCTYPE html PUBLIC "-//W3C//DTD XHTML 1.0 Transitional//EN"
    "http://www.w3.org/TR/xhtml1/DTD/xhtml1-transitional.dtd">
<html xmlns="http://www.w3.org/1999/xhtml" xml:lang="en" lang="en">
 <head>
  <title>
</title>
<meta http-equiv="Content-Type" content="text/html;charset=utf-8" />
  <meta name='ocr-system' content='tesseract 3.04.00' />
  <meta name='ocr-capabilities' content='ocr_page ocr_carea ocr_par ocr_line ocrx_word'/>
</head>
<body>
  <div class='ocr_page' id='page_1' title='image "andriaadelphique00tere_0137.png"; bbox 0 0 1648 2738; ppageno 0'>
   <div class='ocr_carea' id='block_1_1' title="bbox 434 88 1496 135">
    <p class='ocr_par' dir='ltr' id='par_1_1' title="bbox 434 88 1496 135">
     <span class='ocr_line' id='line_1_1' title="bbox 434 88 1496 135; baseline 0.002 -2"><span class='ocrx_word' id='word_1_1' title='bbox 434 96 685 134; x_wconf 63' lang='lat' dir='ltr'><strong>Anfflfflffl.</strong></span> <span class='ocrx_word' id='word_1_2' title='bbox 736 97 838 133; x_wconf 53' lang='lat' dir='ltr'><strong>Acvr.</strong></span> <span class='ocrx_word' id='word_1_3' title='bbox 859 95 905 133; x_wconf 83' lang='lat' dir='ltr'><strong>v.</strong></span> <span class='ocrx_word' id='word_1_4' title='bbox 942 95 1068 132; x_wconf 58' lang='lat' dir='ltr'><strong>scm.</strong></span> <span class='ocrx_word' id='word_1_5' title='bbox 1088 95 1122 131; x_wconf 87' lang='lat'><strong>3.</strong></span> <span class='ocrx_word' id='word_1_6' title='bbox 1408 88 1496 135; x_wconf 84' lang='lat'><strong>131</strong></span> 
     </span>
    </p>
   </div>
   <div class='ocr_carea' id='block_1_2' title="bbox 113 216 1502 1078">
    <p class='ocr_par' dir='ltr' id='par_1_2' title="bbox 117 216 1425 349">
     <span class='ocr_line' id='line_1_2' title="bbox 117 216 1425 281; baseline -0.005 -12"><span class='ocrx_word' id='word_1_7' title='bbox 117 222 190 269; x_wconf 85' lang='lat' dir='ltr'><strong>Ita</strong></span> <span class='ocrx_word' id='word_1_8' title='bbox 233 230 284 268; x_wconf 83' lang='lat' dir='ltr'><strong>ut</strong></span> <span class='ocrx_word' id='word_1_9' title='bbox 319 221 547 268; x_wconf 87' lang='lat' dir='ltr'><strong>volumus.</strong></span> <span class='ocrx_word' id='word_1_10' title='bbox 633 220 791 267; x_wconf 87' lang='lat' dir='ltr'><strong>Video</strong></span> <span class='ocrx_word' id='word_1_11' title='bbox 837 235 1017 281; x_wconf 80' lang='lat' dir='ltr'><strong>sapere,</strong></span> <span class='ocrx_word' id='word_1_12' title='bbox 1060 217 1340 280; x_wconf 83' lang='lat' dir='ltr'><strong>intelligere,</strong></span> <span class='ocrx_word' id='word_1_13' title='bbox 1377 216 1425 263; x_wconf 82' lang='lat' dir='ltr'><strong>in</strong></span> 
     </span>
     <span class='ocr_line' id='line_1_3' title="bbox 310 303 418 349; baseline -0.009 0"><span class='ocrx_word' id='word_1_14' title='bbox 310 303 418 349; x_wconf 80' lang='lat' dir='ltr'><strong>loeo</strong></span> 
     </span>
    </p>

    <p class='ocr_par' dir='ltr' id='par_1_3' title="bbox 116 379 1216 442">
     <span class='ocr_line' id='line_1_4' title="bbox 116 379 1216 442; baseline -0.005 -12"><span class='ocrx_word' id='word_1_15' title='bbox 116 383 301 442; x_wconf 87' lang='lat' dir='ltr'><strong>Vereri,</strong></span> <span class='ocrx_word' id='word_1_16' title='bbox 327 383 447 429; x_wconf 85' lang='lat' dir='ltr'><strong>inter</strong></span> <span class='ocrx_word' id='word_1_17' title='bbox 472 397 521 428; x_wconf 85' lang='lat' dir='ltr'><strong>se</strong></span> <span class='ocrx_word' id='word_1_18' title='bbox 548 396 705 428; x_wconf 83' lang='lat' dir='ltr'><strong>amare</strong></span> <span class='ocrx_word' id='word_1_19' title='bbox 726 397 735 427; x_wconf 69' lang='grc' dir='ltr'>ε</span> <span class='ocrx_word' id='word_1_20' title='bbox 773 379 896 426; x_wconf 86' lang='lat' dir='ltr'><strong>scire</strong></span> <span class='ocrx_word' id='word_1_21' title='bbox 920 387 992 425; x_wconf 86' lang='lat' dir='ltr'><strong>est</strong></span> <span class='ocrx_word' id='word_1_22' title='bbox 1015 379 1216 425; x_wconf 84' lang='lat' dir='ltr'><strong>liberum</strong></span> 
     </span>
    </p>

    <p class='ocr_par' dir='ltr' id='par_1_4' title="bbox 114 457 1362 527">
     <span class='ocr_line' id='line_1_5' title="bbox 114 457 1362 527; baseline -0.004 -17"><span class='ocrx_word' id='word_1_23' title='bbox 114 463 384 527; x_wconf 88' lang='lat' dir='ltr'><strong>Ingenium,</strong></span> <span class='ocrx_word' id='word_1_24' title='bbox 413 471 551 523; x_wconf 86' lang='lat' dir='ltr'><strong>atque</strong></span> <span class='ocrx_word' id='word_1_25' title='bbox 578 461 801 508; x_wconf 87' lang='lat' dir='ltr'><strong>animum.</strong></span> <span class='ocrx_word' id='word_1_26' title='bbox 868 458 1057 509; x_wconf 79' lang='lat' dir='ltr'><strong>Quovis</strong></span> <span class='ocrx_word' id='word_1_27' title='bbox 1082 458 1187 504; x_wconf 89' lang='lat' dir='ltr'><strong>illos</strong></span> <span class='ocrx_word' id='word_1_28' title='bbox 1210 468 1260 505; x_wconf 85' lang='lat' dir='ltr'><strong>tu</strong></span> <span class='ocrx_word' id='word_1_29' title='bbox 1284 457 1362 505; x_wconf 86' lang='lat' dir='ltr'><strong>die</strong></span> 
     </span>
    </p>

    <p class='ocr_par' dir='ltr' id='par_1_5' title="bbox 115 539 1427 599">
     <span class='ocr_line' id='line_1_6' title="bbox 115 539 1427 599; baseline -0.006 -8"><span class='ocrx_word' id='word_1_30' title='bbox 115 544 358 590; x_wconf 85' lang='lat' dir='ltr'><strong>Reducas.</strong></span> <span class='ocrx_word' id='word_1_31' title='bbox 429 543 496 589; x_wconf 92' lang='lat' dir='ltr'><strong>At</strong></span> <span class='ocrx_word' id='word_1_32' title='bbox 519 541 645 588; x_wconf 87' lang='lat' dir='ltr'><strong>enim</strong></span> <span class='ocrx_word' id='word_1_33' title='bbox 672 550 870 599; x_wconf 84' lang='lat' dir='ltr'><strong>metuas,</strong></span> <span class='ocrx_word' id='word_1_34' title='bbox 896 556 956 586; x_wconf 91' lang='lat' dir='ltr'><strong>ne</strong></span> <span class='ocrx_word' id='word_1_35' title='bbox 983 540 1040 586; x_wconf 84' lang='lat' dir='ltr'><strong>ab</strong></span> <span class='ocrx_word' id='word_1_36' title='bbox 1065 555 1115 585; x_wconf 84' lang='lat' dir='ltr'><strong>re</strong></span> <span class='ocrx_word' id='word_1_37' title='bbox 1139 539 1234 585; x_wconf 89' lang='lat' dir='ltr'><strong>sint</strong></span> <span class='ocrx_word' id='word_1_38' title='bbox 1267 547 1427 584; x_wconf 85' lang='lat' dir='ltr'><strong>tamen</strong></span> 
     </span>
    </p>

    <p class='ocr_par' dir='ltr' id='par_1_6' title="bbox 115 620 1502 686">
     <span class='ocr_line' id='line_1_7' title="bbox 115 620 1502 686; baseline -0.006 -15"><span class='ocrx_word' id='word_1_39' title='bbox 115 625 404 671; x_wconf 81' lang='lat' dir='ltr'><strong>Omissiores</strong></span> <span class='ocrx_word' id='word_1_40' title='bbox 427 623 582 686; x_wconf 84' lang='lat' dir='ltr'><strong>paulo.</strong></span> <span class='ocrx_word' id='word_1_41' title='bbox 652 621 698 668; x_wconf 90' lang='lat' dir='ltr'>O</span> <span class='ocrx_word' id='word_1_42' title='bbox 716 630 882 668; x_wconf 79' lang='lat' dir='ltr'><strong>noster</strong></span> <span class='ocrx_word' id='word_1_43' title='bbox 907 620 1119 667; x_wconf 81' lang='lat' dir='ltr'>Demea!</span> <span class='ocrx_word' id='word_1_44' title='bbox 1451 636 1502 676; x_wconf 80' lang='lat'><strong>45</strong></span> 
     </span>
    </p>

    <p class='ocr_par' dir='ltr' id='par_1_7' title="bbox 117 701 1120 764">
     <span class='ocr_line' id='line_1_8' title="bbox 117 701 1120 764; baseline -0.006 -12"><span class='ocrx_word' id='word_1_45' title='bbox 117 707 194 752; x_wconf 91' lang='lat' dir='ltr'><strong>Ad</strong></span> <span class='ocrx_word' id='word_1_46' title='bbox 220 705 381 752; x_wconf 83' lang='lat' dir='ltr'><strong>omnia</strong></span> <span class='ocrx_word' id='word_1_47' title='bbox 406 704 497 750; x_wconf 79' lang='lat' dir='ltr'><strong>alia</strong></span> <span class='ocrx_word' id='word_1_48' title='bbox 521 711 658 749; x_wconf 80' lang='lat' dir='ltr'><strong>aetate</strong></span> <span class='ocrx_word' id='word_1_49' title='bbox 683 703 890 764; x_wconf 83' lang='lat' dir='ltr'><strong>sapimus</strong></span> <span class='ocrx_word' id='word_1_50' title='bbox 915 701 1090 747; x_wconf 88' lang='lat' dir='ltr'><strong>rectius</strong></span> <span class='ocrx_word' id='word_1_51' title='bbox 1111 717 1120 746; x_wconf 72' lang='grc' dir='ltr'>ε</span> 
     </span>
    </p>

    <p class='ocr_par' dir='ltr' id='par_1_8' title="bbox 116 778 1429 921">
     <span class='ocr_line' id='line_1_9' title="bbox 116 778 1429 832; baseline -0.006 0"><span class='ocrx_word' id='word_1_52' title='bbox 116 786 284 832; x_wconf 90' lang='lat' dir='ltr'><strong>Solum</strong></span> <span class='ocrx_word' id='word_1_53' title='bbox 306 801 453 831; x_wconf 90' lang='lat' dir='ltr'><strong>unum</strong></span> <span class='ocrx_word' id='word_1_54' title='bbox 499 785 591 830; x_wconf 88' lang='lat' dir='ltr'><strong>hoc</strong></span> <span class='ocrx_word' id='word_1_55' title='bbox 633 783 796 829; x_wconf 85' lang='lat' dir='ltr'><strong>vitium</strong></span> <span class='ocrx_word' id='word_1_56' title='bbox 843 790 1065 827; x_wconf 87' lang='lat' dir='ltr'><strong>senectus</strong></span> <span class='ocrx_word' id='word_1_57' title='bbox 1108 780 1242 827; x_wconf 85' lang='lat' dir='ltr'><strong>affert</strong></span> <span class='ocrx_word' id='word_1_58' title='bbox 1279 778 1429 825; x_wconf 88' lang='lat' dir='ltr'><strong>homi-</strong></span> 
     </span>
     <span class='ocr_line' id='line_1_10' title="bbox 310 865 479 921; baseline -0.006 -10"><span class='ocrx_word' id='word_1_59' title='bbox 310 865 479 921; x_wconf 84' lang='lat' dir='ltr'><strong>nibus;</strong></span> 
     </span>
    </p>

    <p class='ocr_par' dir='ltr' id='par_1_9' title="bbox 116 943 1394 1002">
     <span class='ocr_line' id='line_1_11' title="bbox 116 943 1394 1002; baseline -0.007 -9"><span class='ocrx_word' id='word_1_60' title='bbox 116 946 410 993; x_wconf 85' lang='lat' dir='ltr'><strong>Attentiores</strong></span> <span class='ocrx_word' id='word_1_61' title='bbox 434 960 596 990; x_wconf 84' lang='lat' dir='ltr'><strong>sumus</strong></span> <span class='ocrx_word' id='word_1_62' title='bbox 622 943 678 989; x_wconf 87' lang='lat' dir='ltr'><strong>ad</strong></span> <span class='ocrx_word' id='word_1_63' title='bbox 704 958 801 988; x_wconf 88' lang='lat' dir='ltr'><strong>rem</strong></span> <span class='ocrx_word' id='word_1_64' title='bbox 827 957 1009 999; x_wconf 88' lang='lat' dir='ltr'><strong>omnes,</strong></span> <span class='ocrx_word' id='word_1_65' title='bbox 1035 956 1173 1002; x_wconf 88' lang='lat' dir='ltr'><strong>quam</strong></span> <span class='ocrx_word' id='word_1_66' title='bbox 1200 947 1271 986; x_wconf 89' lang='lat' dir='ltr'><strong>sat</strong></span> <span class='ocrx_word' id='word_1_67' title='bbox 1293 947 1394 985; x_wconf 87' lang='lat' dir='ltr'><strong>est:</strong></span> 
     </span>
    </p>

    <p class='ocr_par' dir='ltr' id='par_1_10' title="bbox 113 1019 1428 1078">
     <span class='ocr_line' id='line_1_12' title="bbox 113 1019 1428 1078; baseline -0.006 -5"><span class='ocrx_word' id='word_1_68' title='bbox 113 1027 263 1078; x_wconf 77' lang='lat' dir='ltr'><strong>Quod</strong></span> <span class='ocrx_word' id='word_1_69' title='bbox 310 1026 415 1072; x_wconf 86' lang='lat' dir='ltr'><strong>illos</strong></span> <span class='ocrx_word' id='word_1_70' title='bbox 460 1033 532 1071; x_wconf 85' lang='lat' dir='ltr'><strong>sat</strong></span> <span class='ocrx_word' id='word_1_71' title='bbox 577 1032 689 1070; x_wconf 83' lang='lat' dir='ltr'><strong>aetas</strong></span> <span class='ocrx_word' id='word_1_72' title='bbox 737 1031 888 1070; x_wconf 87' lang='lat' dir='ltr'><strong>acuet.</strong></span> <span class='ocrx_word' id='word_1_73' title='bbox 975 1021 1066 1068; x_wconf 83' lang='lat' dir='ltr'><strong>De.</strong></span> <span class='ocrx_word' id='word_1_74' title='bbox 1105 1020 1182 1066; x_wconf 87' lang='lat' dir='ltr'><strong>Ne</strong></span> <span class='ocrx_word' id='word_1_75' title='bbox 1228 1019 1428 1066; x_wconf 86' lang='lat' dir='ltr'><strong>nimium</strong></span> 
     </span>
    </p>
   </div>
   <div class='ocr_carea' id='block_1_3' title="bbox 115 1106 1504 1395">
    <p class='ocr_par' dir='ltr' id='par_1_11' title="bbox 115 1106 1504 1395">
     <span class='ocr_line' id='line_1_13' title="bbox 312 1106 454 1153; baseline 0 0"><span class='ocrx_word' id='word_1_76' title='bbox 312 1106 454 1153; x_wconf 91' lang='lat' dir='ltr'>modo</span> 
     </span>
     <span class='ocr_line' id='line_1_14' title="bbox 116 1181 1504 1242; baseline -0.008 -7"><span class='ocrx_word' id='word_1_77' title='bbox 116 1188 262 1235; x_wconf 88' lang='lat' dir='ltr'><strong>Bonae</strong></span> <span class='ocrx_word' id='word_1_78' title='bbox 289 1196 380 1234; x_wconf 85' lang='lat' dir='ltr'><strong>tuae</strong></span> <span class='ocrx_word' id='word_1_79' title='bbox 406 1187 505 1233; x_wconf 86' lang='lat' dir='ltr'><strong>istae</strong></span> <span class='ocrx_word' id='word_1_80' title='bbox 531 1202 615 1233; x_wconf 91' lang='lat' dir='ltr'><strong>nos</strong></span> <span class='ocrx_word' id='word_1_81' title='bbox 639 1184 864 1242; x_wconf 85' lang='lat' dir='ltr'><strong>rationes,</strong></span> <span class='ocrx_word' id='word_1_82' title='bbox 888 1181 1056 1239; x_wconf 91' lang='lat' dir='ltr'><strong>Micio,</strong></span> <span class='ocrx_word' id='word_1_83' title='bbox 1453 1201 1504 1242; x_wconf 85' lang='lat'><strong>50</strong></span> 
     </span>
     <span class='ocr_line' id='line_1_15' title="bbox 115 1259 1427 1326; baseline -0.008 -10"><span class='ocrx_word' id='word_1_84' title='bbox 115 1269 177 1316; x_wconf 84' lang='lat' dir='ltr'><strong>Et</strong></span> <span class='ocrx_word' id='word_1_85' title='bbox 221 1277 331 1315; x_wconf 87' lang='lat' dir='ltr'><strong>tuus</strong></span> <span class='ocrx_word' id='word_1_86' title='bbox 377 1268 465 1314; x_wconf 88' lang='lat' dir='ltr'><strong>iste</strong></span> <span class='ocrx_word' id='word_1_87' title='bbox 512 1266 697 1313; x_wconf 86' lang='lat' dir='ltr'><strong>animus</strong></span> <span class='ocrx_word' id='word_1_88' title='bbox 744 1280 922 1326; x_wconf 86' lang='lat' dir='ltr'><strong>aequus,</strong></span> <span class='ocrx_word' id='word_1_89' title='bbox 970 1263 1259 1309; x_wconf 75' lang='lat' dir='ltr'><strong>subvertant.</strong></span> <span class='ocrx_word' id='word_1_90' title='bbox 1338 1259 1427 1308; x_wconf 79' lang='lat' dir='ltr'><strong>Mi.</strong></span> 
     </span>
     <span class='ocr_line' id='line_1_16' title="bbox 308 1348 473 1395; baseline -0.006 0"><span class='ocrx_word' id='word_1_91' title='bbox 308 1348 473 1395; x_wconf 83' lang='lat' dir='ltr'>Tace:</span> 
     </span>
    </p>
   </div>
   <div class='ocr_carea' id='block_1_4' title="bbox 113 1421 1505 2460">
    <p class='ocr_par' dir='ltr' id='par_1_12' title="bbox 115 1421 1374 1490">
     <span class='ocr_line' id='line_1_17' title="bbox 115 1421 1374 1490; baseline -0.006 -14"><span class='ocrx_word' id='word_1_92' title='bbox 115 1428 228 1476; x_wconf 90' lang='lat' dir='ltr'><strong>Non</strong></span> <span class='ocrx_word' id='word_1_93' title='bbox 253 1429 344 1476; x_wconf 87' lang='lat' dir='ltr'><strong>fiet.</strong></span> <span class='ocrx_word' id='word_1_94' title='bbox 416 1428 556 1474; x_wconf 85' lang='lat' dir='ltr'><strong>Mitte</strong></span> <span class='ocrx_word' id='word_1_95' title='bbox 579 1427 673 1490; x_wconf 83' lang='lat' dir='ltr'><strong>jam</strong></span> <span class='ocrx_word' id='word_1_96' title='bbox 702 1426 833 1471; x_wconf 83' lang='lat' dir='ltr'><strong>istaec</strong></span> <span class='ocrx_word' id='word_1_97' title='bbox 855 1442 864 1471; x_wconf 93' lang='lat'>:</span> <span class='ocrx_word' id='word_1_98' title='bbox 903 1424 964 1470; x_wconf 88' lang='lat' dir='ltr'><strong>da</strong></span> <span class='ocrx_word' id='word_1_99' title='bbox 985 1432 1032 1469; x_wconf 90' lang='lat' dir='ltr'><strong>te</strong></span> <span class='ocrx_word' id='word_1_100' title='bbox 1058 1422 1197 1470; x_wconf 90' lang='lat' dir='ltr'><strong>hodie</strong></span> <span class='ocrx_word' id='word_1_101' title='bbox 1221 1421 1339 1469; x_wconf 86' lang='lat' dir='ltr'><strong>mihi</strong></span> <span class='ocrx_word' id='word_1_102' title='bbox 1365 1438 1374 1468; x_wconf 88' lang='lat'>:</span> 
     </span>
    </p>

    <p class='ocr_par' dir='ltr' id='par_1_13' title="bbox 116 1502 1427 1572">
     <span class='ocr_line' id='line_1_18' title="bbox 116 1502 1427 1572; baseline -0.006 -16"><span class='ocrx_word' id='word_1_103' title='bbox 116 1510 336 1572; x_wconf 85' lang='lat' dir='ltr'>Exporge</span> <span class='ocrx_word' id='word_1_104' title='bbox 362 1509 578 1555; x_wconf 86' lang='lat' dir='ltr'><strong>frontem.</strong></span> <span class='ocrx_word' id='word_1_105' title='bbox 648 1505 741 1552; x_wconf 85' lang='lat' dir='ltr'><strong>De.</strong></span> <span class='ocrx_word' id='word_1_106' title='bbox 781 1505 995 1562; x_wconf 81' lang='lat' dir='ltr'><strong>Scilicet,</strong></span> <span class='ocrx_word' id='word_1_107' title='bbox 1017 1503 1081 1549; x_wconf 90' lang='lat' dir='ltr'><strong>ita</strong></span> <span class='ocrx_word' id='word_1_108' title='bbox 1105 1511 1290 1564; x_wconf 86' lang='lat' dir='ltr'><strong>tempus</strong></span> <span class='ocrx_word' id='word_1_109' title='bbox 1310 1502 1427 1549; x_wconf 84' lang='lat' dir='ltr'><strong>fert:</strong></span> 
     </span>
    </p>

    <p class='ocr_par' dir='ltr' id='par_1_14' title="bbox 114 1582 1279 1637">
     <span class='ocr_line' id='line_1_19' title="bbox 114 1582 1279 1637; baseline -0.006 0"><span class='ocrx_word' id='word_1_110' title='bbox 114 1590 414 1637; x_wconf 83' lang='lat' dir='ltr'><strong>Faciundum</strong></span> <span class='ocrx_word' id='word_1_111' title='bbox 438 1597 535 1635; x_wconf 84' lang='lat' dir='ltr'><strong>est:</strong></span> <span class='ocrx_word' id='word_1_112' title='bbox 572 1595 784 1634; x_wconf 85' lang='lat' dir='ltr'><strong>ceterum</strong></span> <span class='ocrx_word' id='word_1_113' title='bbox 809 1601 889 1631; x_wconf 86' lang='lat' dir='ltr'><strong>rus</strong></span> <span class='ocrx_word' id='word_1_114' title='bbox 914 1600 1020 1631; x_wconf 84' lang='lat' dir='ltr'><strong>cras</strong></span> <span class='ocrx_word' id='word_1_115' title='bbox 1045 1599 1154 1630; x_wconf 89' lang='lat' dir='ltr'><strong>cum</strong></span> <span class='ocrx_word' id='word_1_116' title='bbox 1180 1582 1279 1630; x_wconf 80' lang='lat' dir='ltr'><strong>filio</strong></span> 
     </span>
    </p>

    <p class='ocr_par' dir='ltr' id='par_1_15' title="bbox 115 1664 1505 1802">
     <span class='ocr_line' id='line_1_20' title="bbox 115 1664 1430 1732; baseline -0.005 -15"><span class='ocrx_word' id='word_1_117' title='bbox 115 1671 238 1717; x_wconf 89' lang='lat' dir='ltr'><strong>Cum</strong></span> <span class='ocrx_word' id='word_1_118' title='bbox 261 1670 415 1732; x_wconf 86' lang='lat' dir='ltr'><strong>primo</strong></span> <span class='ocrx_word' id='word_1_119' title='bbox 438 1669 549 1715; x_wconf 88' lang='lat' dir='ltr'><strong>lucu</strong></span> <span class='ocrx_word' id='word_1_120' title='bbox 578 1668 655 1714; x_wconf 91' lang='lat' dir='ltr'><strong>ibo</strong></span> <span class='ocrx_word' id='word_1_121' title='bbox 681 1667 806 1713; x_wconf 90' lang='lat' dir='ltr'><strong>hinc.</strong></span> <span class='ocrx_word' id='word_1_122' title='bbox 877 1665 965 1711; x_wconf 74' lang='lat' dir='ltr'><strong>Mi.</strong></span> <span class='ocrx_word' id='word_1_123' title='bbox 1003 1664 1157 1711; x_wconf 90' lang='lat' dir='ltr'>Immo</span> <span class='ocrx_word' id='word_1_124' title='bbox 1195 1664 1254 1711; x_wconf 88' lang='lat' dir='ltr'><strong>de</strong></span> <span class='ocrx_word' id='word_1_125' title='bbox 1289 1672 1430 1711; x_wconf 85' lang='lat' dir='ltr'><strong>nocte</strong></span> 
     </span>
     <span class='ocr_line' id='line_1_21' title="bbox 311 1762 1505 1802; baseline -0.011 -5"><span class='ocrx_word' id='word_1_126' title='bbox 311 1765 486 1797; x_wconf 87' lang='lat' dir='ltr'><strong>censeo</strong></span> <span class='ocrx_word' id='word_1_127' title='bbox 509 1766 518 1795; x_wconf 89' lang='lat'>:</span> <span class='ocrx_word' id='word_1_128' title='bbox 1453 1762 1505 1802; x_wconf 83' lang='lat'><strong>55</strong></span> 
     </span>
    </p>

    <p class='ocr_par' dir='ltr' id='par_1_16' title="bbox 115 1824 1430 1974">
     <span class='ocr_line' id='line_1_22' title="bbox 115 1824 1430 1878; baseline -0.005 0"><span class='ocrx_word' id='word_1_129' title='bbox 115 1831 275 1878; x_wconf 84' lang='lat' dir='ltr'><strong>Hodie</strong></span> <span class='ocrx_word' id='word_1_130' title='bbox 321 1830 462 1877; x_wconf 89' lang='lat' dir='ltr'>modo</span> <span class='ocrx_word' id='word_1_131' title='bbox 518 1829 717 1875; x_wconf 85' lang='lat' dir='ltr'><strong>hilarum</strong></span> <span class='ocrx_word' id='word_1_132' title='bbox 766 1827 841 1874; x_wconf 80' lang='lat' dir='ltr'><strong>fac</strong></span> <span class='ocrx_word' id='word_1_133' title='bbox 886 1835 945 1872; x_wconf 89' lang='lat' dir='ltr'><strong>te.</strong></span> <span class='ocrx_word' id='word_1_134' title='bbox 1037 1825 1129 1872; x_wconf 87' lang='lat' dir='ltr'><strong>De.</strong></span> <span class='ocrx_word' id='word_1_135' title='bbox 1183 1824 1245 1871; x_wconf 88' lang='lat' dir='ltr'><strong>Et</strong></span> <span class='ocrx_word' id='word_1_136' title='bbox 1292 1824 1430 1872; x_wconf 86' lang='lat' dir='ltr'><strong>istam</strong></span> 
     </span>
     <span class='ocr_line' id='line_1_23' title="bbox 308 1911 551 1974; baseline -0.008 -16"><span class='ocrx_word' id='word_1_137' title='bbox 308 1911 551 1974; x_wconf 83' lang='lat' dir='ltr'><strong>psaltriam</strong></span> 
     </span>
    </p>

    <p class='ocr_par' dir='ltr' id='par_1_17' title="bbox 113 1986 1430 2118">
     <span class='ocr_line' id='line_1_24' title="bbox 113 1986 1430 2050; baseline -0.006 -10"><span class='ocrx_word' id='word_1_138' title='bbox 113 1992 221 2041; x_wconf 62' lang='lat' dir='ltr'><strong>Unt‘i</strong></span> <span class='ocrx_word' id='word_1_139' title='bbox 246 1993 359 2039; x_wconf 90' lang='lat' dir='ltr'><strong>illuc</strong></span> <span class='ocrx_word' id='word_1_140' title='bbox 392 2007 579 2038; x_wconf 85' lang='lat' dir='ltr'><strong>mecum</strong></span> <span class='ocrx_word' id='word_1_141' title='bbox 615 1990 728 2036; x_wconf 89' lang='lat' dir='ltr'><strong>hinc</strong></span> <span class='ocrx_word' id='word_1_142' title='bbox 764 1987 1044 2035; x_wconf 85' lang='lat' dir='ltr'><strong>abstraham.</strong></span> <span class='ocrx_word' id='word_1_143' title='bbox 1115 1986 1203 2033; x_wconf 82' lang='lat' dir='ltr'><strong>Mi.</strong></span> <span class='ocrx_word' id='word_1_144' title='bbox 1241 1986 1430 2050; x_wconf 81' lang='lat' dir='ltr'><strong>Pugna-</strong></span> 
     </span>
     <span class='ocr_line' id='line_1_25' title="bbox 311 2062 678 2118; baseline 0 0"><span class='ocrx_word' id='word_1_145' title='bbox 311 2072 447 2118; x_wconf 80' lang='lat' dir='ltr'><strong>veriS.</strong></span> <span class='ocrx_word' id='word_1_146' title='bbox 675 2062 678 2065; x_wconf 71' lang='lat'>.</span> 
     </span>
    </p>

    <p class='ocr_par' dir='ltr' id='par_1_18' title="bbox 115 2147 1137 2216">
     <span class='ocr_line' id='line_1_26' title="bbox 115 2147 1137 2216; baseline -0.007 -15"><span class='ocrx_word' id='word_1_147' title='bbox 115 2155 188 2201; x_wconf 84' lang='lat' dir='ltr'><strong>Eo</strong></span> <span class='ocrx_word' id='word_1_148' title='bbox 212 2162 353 2216; x_wconf 84' lang='lat' dir='ltr'><strong>pacto</strong></span> <span class='ocrx_word' id='word_1_149' title='bbox 375 2167 592 2215; x_wconf 87' lang='lat' dir='ltr'><strong>prorsum</strong></span> <span class='ocrx_word' id='word_1_150' title='bbox 618 2150 716 2197; x_wconf 88' lang='lat' dir='ltr'><strong>illic</strong></span> <span class='ocrx_word' id='word_1_151' title='bbox 743 2147 950 2212; x_wconf 53' lang='lat' dir='ltr'><strong>alligaris</strong></span> <span class='ocrx_word' id='word_1_152' title='bbox 975 2148 1137 2195; x_wconf 87' lang='lat' dir='ltr'><strong>filium.</strong></span> 
     </span>
    </p>

    <p class='ocr_par' dir='ltr' id='par_1_19' title="bbox 116 2227 1427 2361">
     <span class='ocr_line' id='line_1_27' title="bbox 116 2227 1427 2293; baseline -0.005 -11"><span class='ocrx_word' id='word_1_153' title='bbox 116 2234 268 2282; x_wconf 89' lang='lat' dir='ltr'>Modo</span> <span class='ocrx_word' id='word_1_154' title='bbox 312 2233 472 2291; x_wconf 87' lang='lat' dir='ltr'><strong>facito,</strong></span> <span class='ocrx_word' id='word_1_155' title='bbox 519 2241 570 2278; x_wconf 89' lang='lat' dir='ltr'><strong>ut</strong></span> <span class='ocrx_word' id='word_1_156' title='bbox 610 2231 737 2277; x_wconf 82' lang='lat' dir='ltr'><strong>illam</strong></span> <span class='ocrx_word' id='word_1_157' title='bbox 777 2245 947 2276; x_wconf 89' lang='lat' dir='ltr'><strong>serves.</strong></span> <span class='ocrx_word' id='word_1_158' title='bbox 1030 2228 1123 2277; x_wconf 85' lang='lat' dir='ltr'><strong>De.</strong></span> <span class='ocrx_word' id='word_1_159' title='bbox 1161 2228 1269 2293; x_wconf 87' lang='lat' dir='ltr'><strong>Ego</strong></span> <span class='ocrx_word' id='word_1_160' title='bbox 1304 2227 1427 2276; x_wconf 72' lang='lat' dir='ltr'><strong>istuc</strong></span> 
     </span>
     <span class='ocr_line' id='line_1_28' title="bbox 310 2313 506 2361; baseline -0.005 0"><span class='ocrx_word' id='word_1_161' title='bbox 310 2313 506 2361; x_wconf 82' lang='lat' dir='ltr'><strong>videro:</strong></span> 
     </span>
    </p>

    <p class='ocr_par' dir='ltr' id='par_1_20' title="bbox 117 2388 1502 2460">
     <span class='ocr_line' id='line_1_29' title="bbox 117 2388 1502 2460; baseline -0.006 -16"><span class='ocrx_word' id='word_1_162' title='bbox 117 2397 277 2460; x_wconf 80' lang='lat' dir='ltr'><strong>Atque</strong></span> <span class='ocrx_word' id='word_1_163' title='bbox 301 2394 383 2455; x_wconf 85' lang='lat' dir='ltr'><strong>ibi,</strong></span> <span class='ocrx_word' id='word_1_164' title='bbox 408 2393 575 2441; x_wconf 80' lang='lat' dir='ltr'><strong>favillae</strong></span> <span class='ocrx_word' id='word_1_165' title='bbox 598 2392 756 2456; x_wconf 83' lang='lat' dir='ltr'><strong>plena,</strong></span> <span class='ocrx_word' id='word_1_166' title='bbox 782 2390 915 2452; x_wconf 85' lang='lat' dir='ltr'><strong>fumi,</strong></span> <span class='ocrx_word' id='word_1_167' title='bbox 942 2407 998 2439; x_wconf 87' lang='lat' dir='ltr'><strong>ac</strong></span> <span class='ocrx_word' id='word_1_168' title='bbox 1020 2388 1228 2454; x_wconf 83' lang='lat' dir='ltr'><strong>pollinis,</strong></span> <span class='ocrx_word' id='word_1_169' title='bbox 1449 2401 1502 2444; x_wconf 71' lang='grc' dir='ltr'><strong>ο.</strong></span> 
     </span>
    </p>
   </div>
  </div>
 </body>
</html>
