1648 2738
448 80 669 117 ANDmA.
725 80 827 115 Aer.
849 79 914 114 lv.
952 79 1079 115 Scan.
1104 79 1133 114 1.
1444 68 1509 116 49

119 202 182 251 Ut
205 204 340 250 malis
364 203 618 265 gaudeant,
646 211 783 263 atque
808 218 866 248 ex
890 200 1206 247 incommodis

117 286 331 333 Alterius
355 302 441 331 sua
464 294 515 331 ut
540 293 816 346 comparent
841 283 1128 329 commoda?
1166 282 1225 327 ah
1246 283 1255 328 !

118 366 237 413 Idne
277 367 334 412 'st
374 382 534 412 verum
555 367 573 412 'l
630 366 773 411 immo
799 365 846 410 id
883 372 953 410 est
992 379 1144 426 genus
1185 362 1431 408 hominum

314 463 604 509 pessumum,
1459 449 1485 490 5

119 527 175 574 In
200 528 482 590 denegando
507 528 648 573 modo
674 527 780 588 quis
801 526 955 588 pudor
989 525 1234 588 paululum
1270 524 1430 581 adest;

120 609 248 666 Post,
274 608 354 654 ubi
380 616 564 669 tempus
587 607 819 670 promissa
843 615 913 653 est
933 606 1029 669 jam
1052 605 1235 667 perfici,

119 689 248 734 Tum
275 689 447 746 coacti,
476 688 746 734 necessario
773 704 823 734 se
851 687 1097 749 aperiunt3

120 769 183 815 Et
205 770 399 826 timent3
438 779 484 815 et
508 778 665 815 tamen
690 785 765 815 res
791 769 921 831 cogit
945 768 1195 830 denegare.

120 847 192 894 Ibi
218 856 318 894 tum
344 864 508 894 eorum
534 848 949 909 impudentissima
972 847 1123 893 oratio
1148 856 1235 905 est,
1464 856 1514 896 10

120 934 150 954 ‘⁶
166 928 295 978 Quis
319 937 370 974 tu
395 930 477 974 es'!
515 928 619 989 quis
643 927 760 973 mihi
785 929 868 973 es?
906 943 991 972 our
1016 943 1169 973 meam
1195 926 1309 973 tibi.
1331 964 1340 974 .
1360 963 1370 973 .
1389 927 1435 973 ,Ἰ

121 1009 286 1055 Heus!
322 1025 581 1070 proxumus
607 1025 710 1054 sum
736 1017 926 1071 egomet
956 1008 1119 1053 mihi.’'
1191 1007 1435 1066 Attamen,

318 1096 345 1116 “
365 1089 458 1136 Ubi
484 1090 600 1135 fides
618 1091 675 1135 ”N'

121 1170 175 1217 Si
199 1186 354 1234 roges,
381 1171 499 1216 nihil
523 1170 683 1232 pudet.
756 1168 870 1228 Hic,
897 1169 978 1215 ubi
1004 1185 1122 1231 opus
1147 1177 1233 1226 est,

121 1251 235 1298 Non
281 1261 500 1299 verentur
523 1268 532 1298 :
592 1252 708 1310 illio,
756 1251 837 1297 ubi
895 1250 1012 1297 nihil
1071 1266 1190 1312 opus
1235 1258 1323 1308 est,
1370 1250 1435 1296 ibi

315 1342 549 1379 verentur.

122 1413 218 1460 Sed
258 1413 371 1475 quid
409 1429 542 1476 agam
563 1415 581 1458 ⁴?
633 1413 860 1459 adeamne
895 1412 953 1458 ad
985 1428 1111 1469 eum,
1149 1420 1196 1457 et
1233 1427 1343 1457 oum
1380 1426 1437 1458 eo

318 1494 538 1555 injuriam
564 1494 687 1539 hano
713 1493 1044 1554 expostulem?
1466 1501 1516 1540 15

122 1574 341 1637 Ingeram
368 1574 492 1619 mala
515 1574 699 1620 multa?
738 1582 878 1634 atque
905 1572 1074 1633 aliquis
1099 1572 1243 1630 dicat,
1271 1577 1300 1598 “
1319 1571 1435 1618 nihil

316 1654 655 1716 promoveris.'’

123 1736 362 1782 Multum:
402 1735 627 1781 molestus
665 1744 793 1780 certe
830 1734 872 1780 ei
911 1734 1075 1791 fuer03
1115 1742 1254 1795 atque
1280 1733 1438 1779 animo

317 1832 495 1861 morem
523 1830 729 1877 gessero.

124 1898 218 1943 Pa.
257 1897 483 1954 Charine,
521 1904 566 1942 et
601 1911 676 1941 me
712 1905 757 1941 et
793 1904 839 1942 te
881 1895 1171 1957 imprudenS,
1196 1894 1289 1941 nisi
1321 1894 1436 1956 quid

317 1976 381 2023 Di
407 1974 686 2037 respiciunt,
710 1975 911 2037 perdidi.

126 2058 208 2104 Ch.
249 2058 399 2115 Itane,
461 2050 771 2118 imprudens?
862 2056 1083 2103 Tandem
1141 2056 1332 2102 inventa
1381 2056 1439 2101 ’st

320 2153 493 2183 causa:
531 2136 708 2182 solvisti
736 2136 890 2182 fidem.

124 2219 219 2265 Pa.
256 2218 390 2268 Quid
416 2218 639 2263 tandem?
714 2216 799 2263 Cla.
838 2217 994 2263 Etiam
1020 2233 1150 2264 nunc
1166 2233 1242 2264 me
1261 2217 1438 2263 ducere

320 2299 418 2344 istis
444 2298 584 2344 dietis
606 2297 855 2360 postulas?
1465 2314 1515 2354 20

329 2398 353 2423 'r
514 2380 546 2424 5
