1648 2738
422 92 643 129 ANDRIA.
694 91 797 127 Aer.
817 89 885 126 IV.
921 89 1048 125 Scmr.
1067 89 1101 124 4.
1424 80 1489 126 57

100 218 186 266 Ch.
226 217 338 264 Non
381 216 497 263 mihi
532 214 825 277 respondes?
895 213 1000 275 My.
1037 212 1290 273 Nusquam
1328 218 1410 256 est.

293 299 378 345 Vae
406 298 587 343 miserae
613 295 760 341 mihi!

98 379 315 441 Reliquit
339 395 415 425 me
435 379 595 435 homo,
619 385 757 437 atque
777 375 906 421 abiit.
966 373 1068 420 Da.
1106 372 1187 431 Di,
1209 381 1412 418 vostram

292 460 433 506 fidem
455 460 464 505 !
1442 454 1468 492 5

95 541 233 591 Quid
256 541 405 587 turbae
432 547 502 586 est
528 538 650 600 apud
676 537 828 583 forum
849 553 860 593 3
898 535 1011 597 quid
1038 535 1135 581 illio
1167 533 1416 580 hominum

293 621 482 683 litigant
503 620 513 666 l
727 673 731 678 .

98 701 227 748 Tum
256 717 445 747 annona
468 716 579 746 cara
597 701 668 746 'st.
726 698 864 749 Quid
889 697 1045 743 dicam
1069 695 1212 754 aliud,
1233 694 1413 741 neseio.

98 781 202 844 My.
241 781 340 828 Cur
364 789 432 839 tu,
458 781 674 838 obsecro,
700 779 781 825 hic
806 795 881 825 me
907 778 1056 824 solam
1083 814 1091 823 .
1121 813 1130 824 .
1159 813 1168 823 .
1197 777 1245 823 ,Ἰ
1311 775 1413 822 Da.

293 862 421 912 Quae
446 870 517 908 est
541 861 643 907 haee
671 860 867 907 fabula?

101 942 238 990 Eho!
299 941 468 1004 Mysis,
508 957 626 1004 puer
663 941 742 987 hic
787 939 917 986 unde
953 940 1061 986 est?
1121 937 1285 1000 quisve
1320 936 1416 983 huo

300 1022 454 1069 attulit
472 1023 491 1069 'l

100 1103 204 1166 My.
243 1102 393 1150 Satin'
435 1119 578 1148 sanus
613 1118 680 1160 es,
718 1101 798 1163 qui
834 1116 910 1147 me
946 1100 994 1147 id
1029 1099 1244 1163 rogites?
1312 1098 1415 1145 Da.

297 1184 462 1234 Quem
486 1199 576 1246 ego
601 1182 744 1246 igitur
769 1198 951 1245 rogem,
1446 1182 1495 1221 10

98 1263 202 1315 Qui
244 1262 324 1310 hio
364 1263 606 1310 neminem
648 1263 792 1309 alium
834 1262 1051 1309 videam?
1123 1260 1208 1308 Cla.
1246 1259 1416 1320 Miror,

299 1344 427 1391 unde
451 1343 526 1391 sit.

102 1425 204 1477 Da.
242 1425 492 1472 Dicturan'
522 1440 572 1471 es
605 1424 732 1486 quod
764 1424 918 1487 rogo?
987 1423 1092 1485 My.
1130 1422 1243 1469 Au!
1313 1421 1416 1469 Da.

299 1505 530 1552 Concede
555 1504 613 1551 ad
637 1505 893 1551 dexteram.
1207 1490 1224 1504 .-

102 1586 206 1649 My.
244 1586 471 1632 Deliras'!
508 1601 605 1631 non
640 1593 741 1631 tute
783 1584 917 1647 ipse?
986 1584 1088 1631 Da.
1127 1583 1342 1631 Verbum
1378 1582 1419 1630 si

299 1666 414 1712 mihi

103 1746 278 1804 Unum,
303 1755 616 1807 praeterquam
642 1745 770 1807 quod
794 1753 841 1792 te
865 1761 1000 1808 rogo,
1026 1744 1161 1804 faxis,
1188 1761 1318 1792 cave.

101 1827 205 1890 My.
245 1827 376 1873 Male
423 1827 580 1873 dieis?
667 1826 769 1873 Da.
807 1825 948 1873 Unde
995 1827 1090 1872 ’sti
1148 1826 1226 1872 dic
1276 1826 1417 1873 clare.

297 1908 402 1970 My.
440 1908 486 1953 A
511 1907 658 1954 vobis.
732 1907 833 1953 Da.
874 1907 968 1965 Ha,
996 1907 1071 1965 ha,
1099 1907 1189 1953 he!
1451 1914 1499 1952 15

103 1987 280 2035 Mirum
325 2005 451 2047 vero,
495 1988 794 2050 impudenter
837 1988 1006 2034 mulier
1040 1987 1078 2033 si
1117 1987 1231 2033 facit
1273 2003 1421 2034 mere-

297 2069 424 2114 trix?
693 2059 696 2061 ‚

106 2147 191 2195 Ch.
230 2149 308 2194 Ab
334 2149 520 2196 Andri&
562 2150 620 2195 ’st
663 2148 836 2195 ancilla
876 2148 996 2207 haec,
1019 2157 1249 2210 quantum
1286 2147 1422 2194 intel-

296 2229 408 2291 ligo.

104 2309 204 2356 Da.
243 2309 670 2357 Adeon'-videmur
695 2310 828 2356 vobis
851 2326 954 2357 esse
981 2310 1159 2368 idonei,

103 2388 159 2435 In
185 2390 356 2452 quibus
380 2391 448 2436 sic
474 2391 718 2438 illudatis?
792 2391 878 2438 Ch.
916 2391 1042 2438 Veni
1070 2391 1117 2437 in
1142 2399 1368 2453 tempore.
