1648 2738
87 77 182 126 114
467 82 723 121 ADELPHI.
774 82 879 120 Aer.
897 81 965 118 ιν.
1002 80 1131 118 scm«.
1149 79 1186 117 2.

162 210 332 258 Clivus
356 210 579 256 deorsum
605 224 772 255 vorsus
805 215 905 254 est:
942 206 1034 253 hac
1074 213 1123 253 te
1162 204 1495 269 praecipitato:

359 299 529 354 postea

161 374 250 421 Est
293 373 351 420 ad
393 373 520 419 hanc
557 386 755 418 manum
792 368 1052 416 sacellum:
1090 367 1158 415 ibi
1195 367 1498 432 angiportum

360 463 556 517 propter
582 461 673 500 est.

163 537 258 585 De.
294 535 568 586 Quonam?
655 533 741 597 Sy.
790 531 900 579 Illic
937 530 1021 577 ubi
1061 530 1206 578 etiam
1244 529 1500 592 caprificus

362 632 539 680 magna
570 623 687 662 vest:
747 613 961 662 nostin'?
1047 612 1142 660 De.
1181 611 1325 658 Novi.
1410 609 1498 673 Sy.

364 697 475 744 Hac
498 696 702 760 pergito.

164 780 259 828 De.
296 779 354 826 Id
379 780 574 841 quidem
602 777 904 842 angiportum
921 792 1016 822 non
1037 783 1108 821 est
1121 773 1352 837 pervium.
1411 771 1499 835 Sy.

364 861 549 908 Verum
574 858 767 905 hercle:
807 856 928 903 vah!

92 939 140 985 10
166 942 375 990 Censen'
418 941 659 988 hominem
686 955 763 986 me
795 939 938 984 esse?
1008 935 1192 983 Erravi.
1262 934 1321 981 In
1360 933 1504 998 porti·

365 1040 477 1071 cum
502 1038 689 1069 rursum
715 1020 818 1067 redi
842 1036 851 1066 :

167 1107 297 1153 Sane
320 1105 413 1152 hac
437 1104 589 1151 multo
611 1103 807 1166 propius
833 1101 941 1160 ibis,
962 1109 1009 1147 et
1033 1100 1189 1146 minor
1214 1106 1286 1145 est
1310 1097 1501 1145 erratio.

169 1188 301 1236 Scin'
353 1186 560 1244 Cratini,
608 1185 748 1247 hujus
796 1183 923 1241 ditis,
971 1182 1135 1228 aedes?
1221 1180 1318 1227 De.
1369 1178 1502 1226 Scio.

367 1268 455 1331 Sy.
492 1267 588 1315 Ubi
614 1283 695 1313 eas
717 1263 1022 1328 praeterieris,

169 1350 249 1398 Ad
293 1349 534 1396 sinistram
577 1348 668 1394 hac
708 1347 842 1394 rect&
882 1344 1073 1408 platefi:
1117 1342 1199 1390 ubi
1237 1342 1294 1388 ad
1331 1341 1505 1388 Dianae

369 1429 575 1488 veneris,

171 1512 249 1560 Ito
293 1512 351 1559 ad
393 1511 637 1558 dextram:
676 1508 953 1571 priusquam
1003 1506 1061 1552 ad
1100 1514 1287 1568 portam
1323 1503 1505 1562 venias,

118 1655 121 1660 ‚
376 1593 498 1656 apud
521 1592 676 1654 ipsum
704 1590 865 1636 lacum

96 1677 148 1717 45
172 1675 261 1724 Est
278 1674 496 1738 pistrilla,
516 1682 563 1719 et
588 1672 902 1719 exadvorsum
930 1668 1143 1716 fabrica:
1181 1667 1247 1714 ibi
1265 1675 1350 1714 est.
1409 1665 1505 1713 De.

371 1755 510 1806 Quid
535 1755 602 1801 ibi
628 1753 776 1800 facit?

175 1837 262 1902 Sy.
311 1837 538 1884 Lectulos
575 1836 623 1882 in
671 1834 770 1881 sole
807 1832 968 1896 ilignis
1014 1831 1219 1894 pedibus
1255 1828 1507 1876 faciundos

373 1918 519 1964 dedit.

175 2001 270 2050 De.
307 2000 402 2049 Ubi
426 1998 600 2061 potetis
620 1999 736 2043 vos?
806 1996 894 2058 Sy.
934 1995 1066 2041 Bene
1086 2010 1214 2040 sane.
1286 1992 1380 2039 De.
1410 1991 1507 2038 Sed

374 2096 512 2127 cesso
539 2080 595 2125 ad
622 2095 731 2125 eum
756 2092 972 2140 pergere.

174 2164 263 2229 Sy.
299 2162 324 2210 I
349 2178 476 2209 sane.
549 2161 656 2223 Ego
680 2169 727 2206 te
764 2158 1000 2205 exercebo
1040 2156 1202 2214 hodie,
1245 2163 1297 2201 ut
1332 2154 1508 2218 dignus

374 2258 441 2302 es,
468 2241 782 2288 silicernium.

177 2324 442 2376 AEschinus
467 2323 632 2370 odiose
658 2330 845 2369 cessat:
881 2318 1136 2383 prandium
1170 2315 1505 2381 corrumpitur.
