1648 2738
418 84 670 122 ADELPHI.
721 85 824 122 Aer.
843 85 889 121 v.
925 86 1052 124 Sem«.
1072 87 1107 123 3.
1394 80 1486 129 129

600 280 805 324 SCENA
836 281 914 325 ΙΙΙ.

537 405 710 453 Mlcro.
769 406 972 453 DEMEA.

163 536 252 583 Mi.
290 536 503 583 PARA'rA
530 553 555 583 a
579 537 717 583 nobis
742 545 867 595 sunt,
895 546 945 583 ut
970 537 1083 596 dixi,
1112 538 1340 597 Sostrata,

97 616 190 665 Ubi
230 617 313 664 vis.
389 617 629 667 Quisnam
672 634 714 664 a.
739 633 814 663 me
854 618 1036 680 pepulit
1072 627 1166 665 tam
1207 619 1412 682 graviter

293 698 450 744 fores?

94 776 186 824 De.
225 776 322 823 Hei
357 778 500 824 mihi!
538 777 652 839 quid
688 778 899 825 faciam?
935 778 1047 840 quid
1090 781 1262 843 agam?
1297 779 1411 842 quid

290 857 508 916 clamem,
537 866 615 904 aut
639 860 841 920 querar?

93 936 140 985 O
185 937 384 984 coelum!
444 953 473 984 o
521 940 673 985 terra!
732 954 761 985 o
808 939 955 986 maria
1000 939 1246 1002 Neptuni!
1316 940 1393 987 Mi

289 1018 416 1064 Hem
442 1018 529 1065 tibi
551 1019 560 1065 !

93 1097 314 1145 Rescivit
337 1114 527 1144 omnem
552 1114 651 1165 rem
672 1115 682 1156 3
721 1098 769 1145 id
794 1115 923 1145 nunc
945 1100 1118 1146 clamat
1141 1099 1352 1147 scilicet:
1433 1101 1460 1139 5

93 1179 275 1226 Paratae
320 1179 456 1226 lites:
515 1180 893 1227 succurrendum
940 1182 1011 1227 'st.
1091 1181 1184 1228 De.
1222 1181 1409 1228 Eccum

288 1260 419 1307 adest

92 1339 375 1386 Communis
400 1340 670 1402 corruptela
692 1340 906 1388 nostrum
931 1341 1147 1389 liberum.

92 1419 182 1467 Mi.
219 1419 442 1467 Tandem
483 1421 685 1482 reprime
727 1420 1042 1480 iracundiam,
1083 1431 1222 1484 atque
1261 1422 1319 1469 ad
1359 1430 1408 1468 te

286 1500 403 1547 redi.

91 1579 183 1627 De.
220 1580 467 1642 Repressi‚
493 1580 612 1626 redii
636 1597 645 1626 τ
681 1580 818 1626 mitto
843 1581 1096 1628 maledicta
1118 1581 1306 1629 omnia:

90 1659 217 1706 Rem
244 1660 392 1722 ipsam
415 1669 649 1722 putemus.
710 1660 906 1706 Dictum
932 1661 1023 1707 hoc
1051 1662 1170 1708 inter
1194 1678 1281 1708 nos
1301 1662 1403 1722 fuit,
1435 1672 1483 1712 10

92 1739 189 1802 (Ex
212 1749 258 1787 te
286 1741 403 1787 adeo
428 1750 496 1788 est
520 1741 697 1805 ortum)
724 1757 784 1786 ne
809 1750 860 1786 tu
885 1757 1076 1788 curares
1101 1759 1275 1802 meum,

89 1819 225 1867 Neve
244 1836 334 1884 ego
353 1822 521 1867 tuum?
557 1821 804 1882 responde.
864 1821 952 1868 Mi.
990 1822 1192 1869 Factum
1212 1825 1285 1882 'st‚
1307 1814 1421 1869 non*

284 1917 423 1964 nego.

90 1980 181 2027 De.
219 1981 318 2027 Cur
343 1998 472 2028 nunc
499 1982 620 2044 apud
645 1991 690 2028 te
706 1983 873 2043 potat?
911 1998 995 2029 cur
1011 1983 1186 2045 recipis
1213 1985 1403 2031 meum?

89 2061 188 2108 Cur
213 2062 331 2108 emis
358 2062 576 2120 amicam,
605 2062 791 2109 Micio?
827 2079 937 2108 nam
962 2062 1041 2124 qui
1068 2064 1226 2110 minus

90 2141 213 2188 Mihi
239 2142 362 2188 idem
385 2143 462 2204 jus
488 2158 672 2205 aequum
698 2144 756 2188 'st
795 2158 914 2203 esse,
954 2145 1081 2205 quod
1122 2161 1309 2192 mecum
1345 2146 1404 2191 'st

256 2247 257 2257 ¹
283 2222 370 2268 tibi
388 2224 406 2270 ¹!
1430 2229 1480 2267 15

86 2300 298 2352 Quando
324 2319 414 2366 ego
437 2311 572 2350 tuum
595 2319 692 2350 non
718 2319 849 2362 curo,
875 2320 934 2351 ne
960 2321 1075 2352 cura
1101 2321 1270 2352 meum.
