1648 2738
135 74 201 124 30
537 80 758 118 ANDR1A.
811 81 916 117 Αοτ.
935 77 987 116 11.
1023 78 1151 115 scm«.
1168 77 1204 114 2.

138 221 188 261 15
213 207 406 256 Libero,
498 206 705 254 Uxorem
749 202 838 253 tibi
887 219 986 251 non
1032 203 1113 250 dat
1153 202 1252 267 jam
1291 202 1540 252 Chremes.

290 277 293 280 i
412 290 512 337 Pa.
548 288 654 340 Qui
679 288 808 335 scis?
877 287 982 334 Da.
1021 285 1152 333 Scio.

214 372 356 420 Tuus
384 381 518 435 pater
555 371 701 418 modo
725 386 802 417 me
824 367 1079 433 prehendit
1100 384 1109 414 :
1148 367 1212 414 ait
1233 366 1321 414 tibi
1345 382 1544 415 uxorem

413 455 526 501 dare
550 469 655 501 sese
1198 498 1202 500 a

216 537 410 584 Hodie:
448 536 562 583 item
600 536 692 583 alia
726 534 892 594 multa,
918 550 1023 596 quae
1058 548 1190 580 nunc
1222 548 1320 579 non
1345 540 1416 579 est
1440 547 1545 579 nar-

414 619 551 665 randi
575 618 726 665 locus,

217 701 464 748 Continuo
503 700 560 747 ad
594 708 641 746 te
673 714 936 761 properans
957 712 1188 760 percurro
1214 696 1272 742 ad
1297 695 1469 755 forum,
1494 696 1547 742 ut

415 782 574 829 dicam
597 781 685 828 tibi
710 780 828 828 haec.

216 864 313 913 Ubi
338 873 386 912 te
410 880 507 911 non
541 862 751 922 invenio,
778 861 845 908 ibi
871 860 1080 908 ascendo
1118 860 1168 907 in
1206 859 1446 922 quendam
1471 874 1548 906 ex·

416 946 598 993 celsum
621 944 784 992 locum
806 959 816 991 ι

141 1039 194 1080 20
220 1027 604 1090 Circumspicio:
641 1041 891 1089 nusquam.
962 1024 1109 1072 Forte
1145 1023 1212 1071 ibi
1244 1023 1385 1087 hujus
1409 1023 1548 1071 video

417 1108 684 1172 Byrrhiam.

221 1192 399 1256 Rogo:
458 1199 603 1255 negat
648 1189 854 1237 vidisse:
914 1188 1032 1236 mihi
1089 1188 1372 1236 molestum:
1434 1187 1550 1250 quid

421 1289 575 1337 agam,
601 1272 779 1336 cogito.
1531 1332 1534 1335 Δ

222 1355 472 1404 Redeunti
497 1355 681 1402 interea
704 1370 763 1401 ex
782 1353 885 1417 ipsa
905 1370 956 1401 re
976 1353 1095 1400 mihi
1115 1352 1286 1400 incidit
1309 1350 1550 1415 suspicio:

420 1436 561 1484 hem!

225 1518 481 1566 Paululum
526 1515 729 1580 opsoni:
790 1516 920 1579 ipsus
961 1515 1137 1563 tristis:
1193 1515 1251 1562 de
1293 1514 1552 1579 improviso

423 1599 614 1663 nuptiae.

160 1717 163 1720 ι
227 1681 344 1729 Non
369 1682 625 1729 cohaerent.
695 1681 795 1728 Pa.
831 1680 1195 1731 Quorsumnam
1221 1679 1378 1727 istuc?
1448 1679 1551 1727 Da.

426 1763 533 1827 Ego
558 1779 634 1810 me
659 1762 892 1810 continuo
917 1762 975 1808 ad
1002 1761 1274 1808 Chremem.

152 1861 206 1902 25
231 1845 357 1893 Cum
382 1845 495 1892 illoc
522 1845 749 1892 advenio:
786 1844 994 1890 solitudo
1016 1852 1124 1890 ante
1144 1843 1317 1889 ostium
1342 1859 1351 1890 :
1382 1843 1481 1906 jam
1506 1842 1555 1889 id

427 1926 628 1990 gaudeO.

235 2008 322 2058 Ch.
360 2008 519 2056 Recte
571 2008 706 2055 dicis.
809 2008 908 2055 Ρα.
945 2007 1112 2070 Perge.
1217 2006 1320 2053 Da.
1359 2006 1555 2055 Maneo.

428 2089 620 2137 Interea
643 2090 840 2137 introire
864 2089 1106 2137 neminem

233 2172 407 2232 Video,
449 2171 578 2219 exire
617 2171 887 2218 neminem:
942 2179 1207 2218 matronam
1246 2170 1457 2218 nullam:
1508 2171 1554 2218 in

431 2253 613 2301 aedibus

235 2335 372 2390 Nihil
429 2335 600 2395 ornati,
658 2334 777 2382 nihil
837 2334 1042 2383 tumulti.
1135 2334 1371 2382 Accessi:
1431 2334 1558 2382 intro

435 2417 608 2481 aspexi.
678 2416 778 2465 Pa.
817 2417 947 2466 Scio,
