1648 2738
128 77 192 126 78
502 79 757 119 ADELPHI.
807 79 912 116 Am.
932 77 963 113 1.
999 76 1127 112 Sem.
1147 73 1180 110 1.

201 209 353 260 Quod
380 208 446 255 illi
473 205 779 253 maledictum
805 203 1063 250 vehemens
1088 215 1191 247 esse
1223 196 1526 252 existumant,

203 291 326 339 Eam
376 289 567 336 laudem
620 287 700 333 hic
753 285 888 332 ducit
939 297 1228 340 maxumam,
1278 270 1389 327 cum
1435 278 1530 326 illis

401 372 576 434 placet,

204 453 310 506 Qui
333 453 468 500 vobis
493 450 728 498 universis
754 458 801 497 et
823 447 1002 512 populo
1025 442 1219 509 placent
1237 461 1248 502 3

129 545 181 584 20
205 536 429 587 Quorum
457 533 603 596 opera
628 532 677 579 in
702 531 845 590 bello,
873 530 921 576 in
948 529 1064 587 otio,
1090 527 1138 573 in
1164 524 1378 589 negotio,

208 618 310 664 Suo
335 615 535 678 quisque
559 623 774 676 tempore
798 627 913 658 usus
937 618 1009 656 est
1033 609 1138 656 sine
1161 605 1399 669 superbia.

207 698 399 745 Dehinc
424 713 484 743 ne
510 694 795 757 exspectetis
822 699 1153 756 argumentum
1183 687 1351 735 fabulae
1375 704 1383 733 :

209 780 361 826 Senes
386 778 465 840 qui
489 776 631 840 primi
656 775 866 833 venient,
893 774 926 820 ii
949 781 1132 836 partem
1160 769 1372 833 aperient
1393 785 1402 815 :

209 860 266 907 In
327 859 513 924 agendo
557 866 740 921 partem
788 855 1055 903 ostendent.
1149 852 1333 910 Facite,
1383 864 1538 913 aequa-

407 941 600 987 nimitas

135 1035 187 1075 25
212 1023 374 1071 Poetae
402 1023 458 1070 ad
484 1021 790 1069 scribendum
819 1027 990 1083 augeat
1016 1016 1311 1064 industriam,

574 1242 781 1287 ACTUS
817 1242 850 1285 Ι.
906 1239 1111 1285 SCENA
1146 1238 1181 1282 Ι.

791 1369 966 1417 Micio.

284 1506 521 1554 STonAx!
560 1521 657 1553 non
694 1504 837 1551 rediit
878 1503 969 1549 hac
1010 1509 1153 1548 nocte
1196 1516 1222 1546 a
1263 1498 1401 1546 coenfi
1437 1496 1545 1545 AEs·

416 1587 604 1646 chinus,

219 1670 392 1734 Neque
460 1669 755 1717 servulorum
826 1667 1094 1730 quisquam,
1153 1664 1233 1727 qui
1294 1663 1545 1710 advorsum

418 1751 606 1798 ierant?

222 1832 445 1880 Profecto
470 1832 562 1878 hoc
588 1848 696 1878 vere
721 1831 889 1877 dicunt
911 1847 919 1876 ε
958 1829 996 1875 si
1024 1828 1148 1874 absis
1173 1827 1375 1889 uspiam,

225 1915 325 1960 Aut
348 1913 430 1959 ubi
456 1914 493 1959 si
521 1929 695 1970 cesses,
722 1912 912 1959 evenire
937 1927 992 1958 ea
1018 1910 1165 1957 satius
1191 1918 1276 1967 est,

173 2003 200 2042 5
223 1994 350 2046 Quae
377 1995 424 2041 iu
451 2004 497 2041 te
523 2011 639 2041 uxor
665 1994 799 2052 dicit,
828 2002 874 2040 et
899 2009 1002 2054 quae
1029 1992 1076 2038 in
1105 1991 1264 2037 animo
1289 1990 1468 2053 cogitat

226 2075 368 2135 Irata,
395 2093 535 2137 quam
563 2076 658 2134 illa,
685 2093 788 2137 quae
813 2084 1033 2138 parentes
1057 2073 1264 2135 propitii.

230 2156 373 2215 Uxor,
399 2156 437 2202 si
464 2172 637 2214 cesses,
667 2165 743 2202 aut
765 2164 811 2202 te
838 2170 996 2201 amare
1022 2153 1217 2216 cogitat,

229 2239 328 2284 Aut
353 2246 448 2284 tete
475 2237 637 2296 amari,
667 2246 744 2284 aut
768 2246 948 2299 potare,
977 2244 1056 2281 aut
1083 2235 1240 2281 animo
1267 2233 1462 2296 obsequi
1486 2250 1495 2280 :

229 2318 293 2365 Et
315 2319 401 2365 tibi
427 2319 548 2365 bene
573 2335 675 2366 esse
701 2319 805 2377 soli,
833 2335 942 2364 cum
969 2317 1057 2363 sibi
1085 2316 1144 2362 sit
1170 2316 1306 2362 male.

155 2412 205 2452 10
230 2398 354 2463 Ego,
381 2399 492 2461 quia
517 2415 610 2447 non
636 2398 777 2446 rediit
802 2398 944 2457 filius,
971 2413 1075 2459 quae
1101 2396 1294 2460 cogito!
