1648 2738
138 76 232 123 140
535 83 792 121 ADELPm.
846 84 949 119 Aer.
969 80 1015 118 V.
1051 83 1178 118 Sem.
1196 82 1230 119 9.

209 209 465 274 Effugere:
504 209 687 256 dictum
714 217 785 255 est
811 223 938 265 vere,
958 217 1004 254 et
1030 223 1081 253 re
1101 206 1204 269 ips&
1220 205 1323 253 fieri
1343 212 1532 268 oportet

211 292 301 339 Mi.
353 291 493 342 Quid
542 291 689 338 istie?
762 289 982 336 dabitur:
1034 288 1422 351 quandoquidem
1468 285 1550 333 hic

409 373 519 420 volt.
592 372 706 419 AEs.
745 371 819 418 Mi
842 372 1007 434 pater!

212 455 306 503 Dc.
344 454 494 502 Nune
519 464 570 502 tu
598 454 714 501 mihi
751 470 801 501 es
839 468 1097 517 germanus
1133 452 1311 516 pariter
1348 466 1552 515 corpore

415 547 462 584 et
487 536 662 585 animo.
734 536 824 583 lm.
863 536 1083 583 Gaudeo.

136 628 189 667 35
214 619 307 667 De.
347 619 451 666 Suo
475 618 568 665 sibi
593 618 724 664 huno
750 617 912 681 gladio
931 615 1117 680 jugulo.

724 839 935 884 SCENA
966 838 1046 882 IX.

363 971 545 1018 Samus.
605 967 812 1016 DEMEA.
874 966 1047 1015 M1010.
1108 966 1407 1014 fEscfflNus.

282 1105 369 1168 Sy.
406 1103 623 1151 FAc'rUM
649 1110 736 1160 est,
763 1101 892 1164 quod
911 1100 1044 1164 justi,
1071 1099 1270 1147 Demea.

217 1187 311 1235 De.
349 1185 501 1249 Frugi
548 1185 693 1231 homo
739 1199 803 1230 es.
892 1183 1000 1246 Ego
1043 1181 1226 1244 aedepol
1269 1180 1410 1228 hodie
1449 1180 1556 1227 meii

417 1267 612 1330 quidem
637 1265 877 1313 sententia

219 1351 398 1398 Judioo
437 1350 612 1412 Syrum
655 1348 758 1394 fieri
801 1363 905 1394 esse
944 1363 1129 1409 aequom
1170 1346 1391 1392 liberum.
1464 1344 1554 1392 Mi.

419 1431 589 1479 Istune
612 1430 820 1477 liberum
839 1431 858 1476 Τ

217 1514 484 1566 Quodnam
532 1513 595 1559 ob
644 1511 862 1558 factum?
956 1509 1050 1557 De.
1106 1508 1278 1556 Multa.
1371 1509 1457 1572 Sy.
1511 1507 1559 1556 O

417 1602 580 1640 noster
606 1591 817 1638 Demea!
856 1590 1037 1653 aedepol
1065 1590 1134 1636 vir
1160 1590 1316 1636 bonus
1342 1604 1407 1636 es.

169 1685 196 1723 5
221 1676 330 1740 Ego
376 1675 491 1722 istos
531 1673 669 1720 vobis
712 1689 863 1735 usque
907 1689 933 1719 a
973 1671 1136 1735 pueris
1182 1671 1346 1718 curavi
1395 1671 1558 1718 ambos

419 1756 619 1804 sedulo:

224 1839 403 1898 Docui,
441 1838 622 1895 monui,
649 1839 775 1884 bene
796 1836 1002 1899 praecepi
1043 1851 1245 1898 semper,
1277 1851 1383 1897 quae
1407 1835 1558 1897 potui,

421 1920 597 1968 omnia.

224 2003 317 2050 De.
356 2002 460 2049 Res
487 2010 710 2064 apparet:
749 2010 797 2048 et
832 2000 1025 2062 quidem
1069 1999 1172 2045 haec
1212 2014 1383 2062 porro;
1422 1999 1558 2046 obso-

423 2099 554 2142 nare,
582 2099 692 2130 cum
719 2083 812 2130 fide

228 2167 451 2213 Scortum
479 2165 734 2223 adducere,
763 2180 990 2227 apparare
1015 2164 1074 2210 de
1099 2163 1177 2208 die
1203 2161 1492 2209 convivium.

228 2247 341 2295 Non
368 2246 624 2293 mediocris
650 2245 857 2292 hominis
883 2245 986 2292 haec
1011 2252 1122 2291 sunt
1146 2243 1319 2291 officia.
1390 2243 1477 2307 Sy.
1514 2243 1562 2289 O

425 2327 637 2391 lepidum
664 2336 808 2389 caput
830 2328 841 2374 ἒ
