1648 2738
157 40 224 90 94
562 53 820 91 ADELPHI.
871 54 976 92 Aer.
996 54 1048 92 11.
1085 55 1213 92 scm.
1231 54 1266 91 4.

234 176 349 225 AEs.
389 177 496 242 Ego
523 179 580 225 ad
607 179 761 226 forum
800 179 896 238 ibo,
934 188 986 227 ut
1026 179 1157 227 huno
1194 180 1464 227 absolvam:
1513 191 1564 228 tu

434 260 559 307 intro
588 261 646 307 ad
673 261 818 321 illam,
845 261 1090 325 Ctesipho,

233 341 318 388 Sa.
357 342 493 404 Syre,
521 342 657 390 insta.
730 342 815 406 Sy.
854 342 1067 390 Eamus:
1105 359 1311 406 namque
1347 343 1426 391 hie
1461 360 1566 407 pro-

429 433 564 487 perat
589 425 636 471 in
663 425 890 487 Cyprum.
962 425 1046 472 Sa.
1083 424 1164 472 Ne
1187 433 1284 471 tam
1309 426 1500 487 quidem
1521 443 1529 472 :

156 517 206 556 15
230 505 471 556 Quamvis
495 506 640 553 etiam
665 523 837 554 maneo
862 506 1044 553 otiosus
1080 506 1175 554 hic.
1246 507 1332 570 Sy.
1370 507 1565 555 Redde-

429 597 504 635 tur
527 605 536 635 :
574 604 635 634 ne
659 588 788 636 time.

230 668 316 716 Sa.
355 669 423 716 At
447 680 498 717 ut
517 685 660 716 omne
679 669 861 717 reddat.
933 669 1020 733 Sy.
1057 670 1218 718 Omne
1238 670 1430 718 reddet:
1458 681 1564 718 tace

429 751 591 810 modo,
618 767 674 798 ac
699 767 899 814 sequere
924 751 1030 799 hac.
1100 752 1187 799 Sa.
1228 753 1429 814 Sequor.

234 832 310 880 Gt.
349 831 514 879 Heus!
553 832 702 880 heus!
754 834 888 896 Syre.
960 833 1047 896 Sy.
1099 833 1254 881 Hem!
1306 833 1420 896 quid
1456 836 1562 881 est?

431 914 506 962 Gt.
544 913 764 962 Obsecro
800 915 978 974 hercle,
1020 915 1263 962 hominem
1301 916 1443 962 istum
1481 916 1565 962 im·

428 996 737 1059 purissimum

227 1077 607 1141 Quamprimum
634 1078 945 1125 absolvitote:
983 1094 1060 1138 ne,
1087 1077 1125 1125 si
1163 1078 1317 1142 magis
1353 1077 1564 1125 irritatus

427 1159 535 1218 siet,

230 1241 411 1304 Aliqua
439 1242 496 1288 ad
520 1250 704 1304 patrem
730 1241 824 1288 hoo
861 1249 1127 1304 permanet,
1167 1249 1307 1304 atque
1343 1257 1435 1306 ego
1460 1249 1561 1289 tum

427 1332 660 1386 perpetuo
683 1323 925 1386 perierim.

149 1405 204 1448 20
229 1404 316 1468 Sy.
354 1404 470 1452 Non
512 1404 620 1452 fiet:
658 1405 786 1451 bono
829 1404 989 1451 animo
1030 1420 1108 1451 es:
1157 1414 1209 1451 tu
1248 1420 1360 1452 cum
1396 1404 1478 1451 illa
1514 1412 1561 1451 te

428 1486 558 1534 intus
580 1486 767 1533 oblecta
792 1485 981 1533 interim
1005 1502 1014 1533 :

227 1567 292 1615 Et
315 1567 519 1615 lectulos
540 1567 656 1631 jube
681 1567 828 1614 sterni
853 1567 1010 1626 nobiS,
1036 1575 1085 1614 et
1107 1566 1264 1630 parari
1290 1576 1464 1615 cetera.

226 1649 335 1714 Ego
373 1649 488 1713 jam,
527 1649 771 1697 transacta
811 1664 879 1709 re,
921 1659 1199 1696 convortam
1241 1665 1316 1696 me
1363 1649 1557 1698 domum

425 1747 536 1778 cum
560 1730 777 1778 obsonio.

230 1812 306 1860 Gt.
343 1811 419 1860 Ita
473 1828 666 1876 quaeso:
725 1812 916 1875 quando
974 1812 1067 1860 hoo
1124 1813 1248 1860 bene
1306 1812 1554 1871 successit,

425 1894 624 1941 hilarem
651 1894 781 1942 hunc
807 1910 1051 1942 sumamus
1076 1894 1217 1942 diem.
