1648 2738
131 72 221 122 104
507 88 763 126 ADELPm.
813 88 916 125 Aer.
935 88 1007 125 111.
1041 89 1168 127 scm.
1186 90 1223 126 3.

198 210 247 256 N
254 229 348 259 uno
374 212 491 260 mihi
520 212 851 260 auscultandi:
887 213 1048 275 pisces
1071 230 1131 261 ex
1154 215 1392 263 sententia

198 293 387 341 Nactus
411 311 515 341 sum
537 311 546 342 :
581 295 630 341 hi
651 294 768 341 mihi
784 310 846 341 ne
861 305 1243 358 corrumpantur,
1261 297 1423 344 cautio
1439 298 1523 345 'st:

198 375 326 423 Nam
385 376 432 422 id
480 376 622 424 nobis
666 385 763 423 tam
822 376 1058 440 flagitium
1104 378 1179 437 'st,
1229 395 1369 441 quam
1429 379 1527 439 ina,

397 458 599 518 Demea,

197 539 311 586 Non
359 540 518 587 facere
564 541 713 600 vobis,
757 557 863 603 quae
909 541 1055 588 modo
1095 541 1211 589 dixti
1235 559 1245 589 :
1293 551 1356 602 et,
1400 544 1528 606 quod

396 637 538 683 queo,

120 700 171 740 70
198 701 457 749 Conservis
482 703 537 749 ad
566 703 774 750 eundem
798 703 959 750 istunc
982 703 1214 766 praecipio
1249 705 1447 752 modum
1471 723 1480 752 :

196 789 226 810 “
247 783 360 831 Hoc
396 784 574 831 salsum
615 785 699 843 'st3
721 786 748 806 ''
788 790 818 811 “
841 785 936 831 hoo
961 785 1181 832 adustum
1207 787 1264 832 'st
1282 803 1294 844 ;
1315 788 1341 808 '²
1382 792 1413 813 “
1435 787 1529 835 hoo

392 865 573 912 lautum
600 867 659 912 'st
682 881 851 928 parum
873 883 883 923 3
902 867 930 887 '³

196 952 225 972 “
244 945 367 994 Illud
394 956 525 994 recte
549 964 557 994 :
579 949 606 969 ''
646 953 675 973 ‘⁴
699 947 870 995 iterum
897 948 968 994 sic
999 957 1240 994 memento
1263 965 1271 994 :
1295 950 1322 970 ''
1360 949 1530 998 sedulo

195 1024 395 1087 Moneo,
420 1043 525 1088 quae
547 1043 762 1086 possum,
784 1042 872 1089 pro
897 1028 1004 1074 Πιθεῖ
1029 1027 1281 1089 sapientie.

194 1107 459 1168 PostremO,
518 1117 745 1170 tanquam
807 1108 856 1155 in
915 1109 1180 1171 speculum,
1228 1109 1277 1157 in
1321 1110 1527 1173 patinas,

394 1190 597 1249 Demea,

118 1275 170 1315 75
194 1271 441 1334 Inspicere
461 1272 624 1334 jubeo,
662 1281 708 1319 et
750 1287 943 1330 moneo,
968 1272 1080 1333 quid
1107 1272 1236 1318 facto
1259 1289 1374 1319 usus
1399 1273 1503 1320 siet.

197 1353 367 1416 Inepta
391 1353 494 1400 haec
520 1370 641 1413 esse,
666 1370 754 1400 nos
780 1369 885 1415 quae
911 1353 1131 1412 facimus,
1157 1354 1316 1401 sentio
1338 1371 1347 1401 :

194 1435 375 1482 Verum
424 1435 537 1497 quid
585 1435 770 1482 facias?
829 1446 880 1483 ut
918 1435 1064 1481 homo
1111 1437 1187 1494 Ὢ,
1236 1436 1302 1483 ita
1342 1452 1526 1484 morem

393 1533 547 1580 geras.

194 1598 445 1660 Numquid
490 1598 595 1645 vis?
682 1598 776 1645 De.
833 1597 1052 1645 Mentem
1098 1598 1235 1645 vobis
1275 1599 1524 1647 meliorem

391 1681 509 1728 dari.

193 1762 278 1825 Sy.
317 1762 397 1810 Tu
424 1779 504 1809 rus
529 1762 643 1808 hine
680 1761 821 1808 abis?
895 1762 983 1809 De.
1022 1761 1198 1809 Reetfz.
1270 1762 1357 1825 Sy.
1395 1762 1524 1810 Nam

392 1844 505 1906 quid
532 1853 583 1890 tu
610 1843 689 1891 hic
717 1859 848 1907 agas,

115 1932 166 1972 80
190 1926 302 1985 Ubi,
328 1927 367 1972 si
393 1926 504 1987 quid
533 1927 657 1972 bene
679 1925 947 1987 praecipiaS,
972 1941 1115 1971 nemo
1139 1925 1471 1987 obtemperet?

190 2009 283 2056 De.
324 2008 430 2071 Ego
456 2023 567 2054 vero
592 2007 706 2053 hino
733 2007 867 2065 abeo,
895 2006 1090 2068 quando
1116 2006 1172 2065 is,
1208 2007 1521 2068 quamobrem

388 2089 484 2135 huo
510 2105 750 2146 veneram,

190 2172 298 2218 Rus
325 2171 439 2216 abiit
464 2187 472 2216 :
511 2170 642 2216 illum
671 2186 789 2216 curo
812 2186 990 2216 unum:
1030 2170 1109 2216 ille,
1137 2170 1193 2216 ad
1221 2186 1298 2216 me
1335 2171 1516 2217 attinet.

186 2252 405 2303 Quando
430 2251 493 2298 ita
519 2251 611 2296 volt
640 2251 798 2309 frater,
826 2251 887 2297 de
911 2251 1032 2296 istoc
1059 2250 1159 2312 ipse
1185 2251 1371 2298 viderit.

191 2335 287 2381 Sed
312 2333 417 2395 quis
444 2332 541 2378 illic
567 2342 655 2391 est,
678 2332 848 2394 procul
866 2348 1008 2394 quem
1029 2332 1201 2379 video?
1260 2333 1410 2380 Estne
1436 2333 1516 2380 hie

387 2414 567 2478 Hegio,
