1648 2738
393 86 645 123 ADELPHI.
695 83 886 122 Aoum
921 82 1048 118 Sem.
1067 81 1101 116 5.
1381 72 1474 118 119

91 210 186 258 Sed
207 210 312 272 quis
326 210 497 258 ostium
515 210 606 255 hoc
625 207 859 270 pultavit'!
926 204 1040 252 AEs.
1077 204 1217 251 Pater
1242 201 1402 248 hercle

285 300 386 337 est:
412 290 562 352 perii!
635 288 725 334 lm.
763 286 1010 334 AEschine.

91 370 203 417 AEs.
239 369 375 420 Quid
403 370 514 415 huic
551 368 630 414 hio
665 366 828 430 negoti
854 366 944 411 'st'l
1013 363 1102 410 Mi.
1141 362 1284 409 Tune
1321 361 1405 407 has

288 450 507 512 pepulisti
534 449 690 494 sores?

93 530 261 578 Taoet.
332 531 431 576 Cur
456 545 552 575 non
587 528 700 574 ludo
739 528 867 573 huno
909 523 1276 586 aliquantisper?
1312 537 1408 568 me·

290 611 380 656 lius
405 618 491 667 est,
711 659 715 663 ,
1431 618 1457 657 5

93 691 498 752 Quandoquidem
546 690 639 735 hoo
686 703 928 748 nunquam
970 685 1087 731 mihi
1126 684 1226 746 ipse
1260 682 1410 728 voluit

291 771 498 817 credere.

97 851 231 898 Nihil
258 852 371 897 mihi
389 850 680 912 respondes?
750 848 861 894 AEs.
899 847 1013 893 Non
1039 845 1259 907 equidem
1281 844 1408 896 ἰδίεις,

292 932 416 993 quod
443 932 605 977 sciam.

100 1013 185 1059 Mi.
227 1012 336 1058 Ita?
391 1027 498 1056 nain
540 1010 761 1068 mirabar,
804 1008 917 1069 quid
956 1006 1035 1053 hio
1075 1005 1252 1068 negotii
1288 1016 1413 1050 esset

292 1092 392 1139 tibi.

100 1173 302 1221 Erubuit
325 1191 333 1219 :
372 1173 499 1218 Salva
522 1188 596 1217 res
621 1180 704 1217 est.
776 1169 889 1216 AEs.
928 1168 1021 1214 Dic
1047 1167 1202 1224 sodes,
1227 1179 1374 1228 pater,

98 1255 213 1302 Tibi
256 1270 364 1300 vero
402 1253 512 1314 quid
556 1251 663 1298 istie
702 1259 773 1297 est
809 1250 913 1295 rei?
1000 1248 1088 1295 Mi.
1128 1247 1260 1294 Nihil
1299 1245 1413 1292 mihi

297 1335 517 1396 quidem:
1444 1332 1491 1372 10

103 1417 305 1462 Amicus
331 1415 520 1476 quidam
547 1429 621 1458 me
649 1429 670 1458 a
699 1412 799 1458 foro
826 1410 1019 1456 abduxit
1045 1409 1186 1455 modo

103 1498 215 1544 Huc
258 1497 535 1543 advocatum
579 1493 682 1539 sibi.
765 1492 878 1538 AEs.
913 1490 1087 1540 Quid?
1172 1488 1261 1535 71Ῑί.
1309 1488 1416 1551 Ego

299 1576 455 1621 dicam
481 1573 568 1619 tibi
589 1589 597 1619 :

104 1657 336 1704 'Habitant
361 1655 439 1701 hie
465 1654 677 1716 quaedam
705 1652 927 1697 mulieres
951 1649 1250 1712 pauperoulae
1275 1665 1284 1694 ;

104 1738 167 1786 Ut
191 1738 375 1799 opinor,
401 1737 485 1781 has
509 1751 604 1780 non
630 1733 770 1779 nosse
795 1741 858 1789 te,
884 1741 930 1777 et
954 1740 1084 1777 certo
1108 1730 1210 1776 seio
1231 1746 1240 1775 :

104 1819 275 1879 Neque
300 1816 425 1862 enim
451 1816 533 1860 diu
558 1815 651 1859 huo
677 1812 1063 1875 commigrarunt.
1134 1809 1246 1856 AES.
1283 1808 1418 1859 Quid

301 1906 399 1943 tum
425 1897 623 1958 postea?
1447 1911 1494 1950 μ’,

108 1979 195 2026 Mi.
233 1978 384 2040 Virgo
425 1985 495 2022 est
536 1992 644 2021 cum
688 1985 850 2020 matre.
930 1972 1042 2018 Asis.
1081 1971 1246 2035 Perge.
1329 1970 1417 2017 Mi.

306 2058 426 2104 Haec
450 2057 583 2119 virgo
607 2045 724 2101 otha
747 2063 817 2101 est
840 2062 973 2116 patre
995 2070 1004 2099 ;

110 2140 209 2188 Hic
232 2155 364 2186 meus
390 2137 571 2184 amicus
597 2136 663 2182 illi
687 2151 862 2198 genere
886 2143 956 2181 est
978 2149 1236 2196 proxumus
1258 2148 1267 2179 :

111 2219 243 2269 Huic
281 2219 411 2281 leges
450 2225 629 2279 cogunt
668 2216 848 2262 nubere
888 2215 1026 2262 hanc.
1113 2212 1224 2260 AEs.
1261 2210 1418 2259 Perii!

307 2298 396 2346 Mi.
430 2297 567 2349 Quid
591 2297 697 2344 est?
