1648 2738
386 60 606 97 ANDRIA.
657 61 760 96 Aer.
778 59 827 96 11.
862 58 989 95 Scau.
1011 57 1043 94 1.
1379 47 1445 96 27

59 185 234 242 Credo,
261 184 538 246 impetrabo,
565 192 616 230 ut
652 183 828 245 aliquot
863 182 1030 229 saltem
1063 181 1242 243 nuptiis
1264 193 1370 242 pro·

254 264 334 310 dat
358 264 471 311 dies.

59 344 249 394 Interea
282 345 361 391 fiet
391 345 583 406 aliquid,
609 359 760 407 spero.
830 343 930 406 By.
966 342 1024 389 Id
1050 340 1227 404 aliquid
1250 339 1369 387 nihil

255 435 337 472 est.
412 425 496 473 Ch.
534 424 750 487 Byrrhia,

57 507 195 558 Quid
219 507 306 553 tibi
330 507 550 553 videtur?
592 507 755 553 adeon’
785 505 842 551 ad
867 505 1012 552 eum?
1079 504 1179 566 By.
1215 501 1371 553 Quid-

258 588 344 634 ni?
380 588 419 634 si
443 587 561 633 nihil
588 586 825 652 impetreS,
1399 578 1449 618 15

61 669 124 716 Ut
157 678 204 715 te
241 669 489 715 arbitretur
524 667 615 714 sibi
649 674 864 729 paratum
899 663 1155 724 moechum,
1180 663 1221 710 si
1244 663 1374 710 illam

258 749 456 795 duxerit.

65 830 149 877 Ch.
186 829 331 876 Abin'
370 829 482 875 hinc
518 829 568 875 in
602 827 775 875 malam
809 843 908 875 rem
945 843 1055 874 cum
1102 825 1376 889 suspicione

258 910 426 969 isthac,
452 910 644 957 scelus?

65 992 161 1040 Pa.
198 990 460 1038 Charinum
497 990 667 1038 video:
714 989 854 1036 salve.
961 988 1048 1036 Ch.
1106 988 1184 1035 O!
1231 986 1375 1045 salve,

258 1072 535 1134 Pamphile!

65 1153 144 1201 Ad
167 1161 215 1201 te
241 1153 457 1212 advenio,
482 1167 630 1215 spem,
656 1150 873 1210 salutem,
912 1149 1158 1208 auxilium,
1189 1147 1381 1196 consili-

262 1250 343 1281 um
367 1242 605 1297 expetens,

64 1317 164 1365 Pa.
200 1314 374 1378 Neque
424 1314 504 1377 pol
562 1313 752 1360 consilii
797 1313 958 1360 locum
1003 1311 1174 1371 habe0‚
1225 1324 1380 1372 neque

264 1396 425 1444 auxilii
450 1395 653 1458 copiam.
1408 1390 1460 1430 20

67 1478 166 1527 Sed
211 1478 335 1525 istuc
381 1477 608 1539 quidnam
632 1477 727 1523 ’st'l
822 1474 908 1522 Clz.
968 1473 1130 1521 Hodie
1186 1487 1383 1519 uxorem

266 1559 440 1606 ducis?
507 1558 606 1605 Pa.
645 1557 811 1604 Aiunt.
885 1556 970 1603 Ch.
1008 1553 1282 1616 Pamphile!

70 1640 125 1688 Si
165 1640 213 1688 id
255 1640 389 1699 facis,
431 1637 574 1686 hodie
617 1646 911 1700 postremum
952 1651 1028 1683 me
1068 1634 1213 1681 vides,
1285 1633 1382 1680 Pa.

264 1720 401 1772 Quid
427 1720 527 1767 ita?
600 1719 684 1767 Ch.
723 1718 819 1765 Hei
843 1717 991 1764 mihi!

71 1803 254 1850 Vereor
279 1802 472 1848 dicere:
509 1800 622 1847 huic
658 1800 754 1858 dic,
791 1814 967 1860 quaeso,
1001 1797 1215 1860 Byrrhia.
1285 1795 1386 1859 By.

268 1882 376 1946 Ego
401 1882 572 1928 dicam.
642 1881 742 1928 Pa.
777 1879 915 1931 Quid
940 1880 1045 1926 est?

79 1963 173 2027 By.
211 1964 447 2026 Sponsam
493 1962 572 2009 hic
617 1971 748 2008 tuam
795 1969 932 2007 amat.
1028 1959 1126 2006 Pa.
1163 1958 1255 2005 Nae
1302 1958 1390 2005 iste

270 2044 397 2090 haud
422 2059 610 2090 mecum
636 2033 792 2089 sentit.
862 2041 1087 2087 Ehodum
1112 2040 1190 2086 dic
1214 2039 1348 2098 mihi,

77 2125 208 2172 Num
228 2125 454 2187 quidnam
476 2124 675 2185 amplius
693 2122 780 2169 tibi
801 2138 910 2168 cum
929 2121 1010 2168 illa
1031 2121 1136 2180 fuit,
1153 2120 1392 2167 Charine?

277 2204 363 2252 Ch.
401 2205 508 2251 Ah!
545 2203 824 2265 Pamphile!
1421 2204 1472 2244 25

78 2286 229 2335 Nihil.
298 2286 396 2333 Pa.
432 2286 597 2336 Quam
632 2284 828 2331 vellem!
926 2283 1012 2330 Ch.
1049 2282 1198 2328 Nunc
1232 2291 1279 2328 te
1313 2296 1396 2344 per

277 2366 552 2425 amicitiam,
578 2374 624 2412 et
646 2381 731 2428 per
757 2380 981 2423 amorem,
1008 2364 1227 2419 obsecro,
