1648 2738
102 79 168 127 46
505 87 729 126 ANDRIA.
780 87 884 124 Αετ.
903 86 976 122 111.
1011 85 1140 122 Sem.
1158 85 1193 121 4.

181 213 253 260 Si.
293 213 402 261 Hoc
430 213 554 261 audi.
623 212 688 259 Ut
711 212 827 258 hinc
850 220 897 258 te
923 211 1049 257 intro
1075 209 1144 256 ire
1175 207 1312 272 jussi,
1337 221 1507 270 oppor-

377 303 494 342 tune
518 295 598 341 hio
621 295 674 341 fit
697 293 815 340 mihi
839 293 1042 339 obviam.

182 376 284 424 Da.
323 376 483 424 Hem!
553 391 783 422 numnam
838 373 1104 437 periimus?
1218 372 1288 418 Si.
1347 369 1507 417 Narro

379 457 510 516 huic,
536 473 640 519 quae
665 465 717 502 tu
742 455 923 501 dudum
948 452 1152 500 narrasti
1176 451 1308 501 mihi.

184 538 286 586 Da.
323 538 571 589 Quidnam
616 538 791 584 audio?
862 536 933 583 Si.
972 535 1181 582 Gnatam
1213 541 1266 579 ut
1297 532 1377 579 det
1403 545 1505 590 oro,

381 619 553 681 vixque
578 619 625 664 id
651 633 809 665 exoro,
881 616 985 663 Da.
1022 614 1232 661 Occidi!

183 701 256 748 Si.
295 701 454 748 Hem!
509 700 623 762 quid
664 699 820 745 dixti?
919 698 1022 745 Da.
1060 696 1273 758 Optume
1313 693 1509 755 inquam

384 782 594 829 factum!
686 781 756 828 Si.
795 779 944 827 Nunc
982 794 1067 842 per
1110 778 1241 824 huno
1279 775 1413 823 nulla
1451 775 1511 821 'st

383 879 530 910 mora.

109 952 159 992 15
190 944 276 992 Ch.
314 944 524 991 Domum
560 942 704 990 modo
740 941 852 988 ibo:
888 949 942 987 ut
979 946 1281 1003 apparentur,
1315 936 1507 984 dicam:

387 1034 527 1087 atque
552 1024 648 1071 huo
673 1022 912 1070 renuntio.

187 1108 260 1156 Si.
297 1107 446 1154 Nunc
492 1115 539 1153 te
585 1121 688 1164 oro,
735 1104 886 1163 Dave,
934 1101 1161 1165 quoniam
1218 1099 1349 1147 solus
1392 1097 1511 1145 mihi

385 1187 586 1236 effecisti
611 1187 696 1234 has
719 1185 910 1249 nuptias
936 1221 1141 1232 .....

187 1271 291 1320 Da.
328 1270 436 1334 Ego
470 1284 583 1316 vero
619 1268 761 1315 solus.
845 1267 917 1314 Si.
955 1265 1212 1329 Corrigere
1247 1262 1365 1309 mihi
1399 1277 1513 1326 gna-

384 1359 486 1397 tum
509 1364 652 1412 porro
676 1347 871 1395 enitere.

190 1433 292 1482 Da.
329 1431 529 1480 Faciam
578 1429 741 1477 hercle
786 1427 969 1475 sedulo.
1052 1426 1125 1474 Si.
1173 1424 1318 1472 Potes
1362 1438 1512 1482 nune,

386 1512 501 1558 dum
527 1510 713 1558 animus
738 1508 950 1555 irritatus
973 1515 1058 1554 est.

188 1594 291 1643 Da.
328 1591 585 1644 Quiesoas.
679 1589 750 1636 Si.
789 1589 898 1651 Age
939 1587 1100 1651 igitur,
1144 1585 1227 1632 ubi
1268 1599 1399 1631 nuno
1443 1591 1513 1631 est

387 1673 553 1736 ipsus‘!
623 1671 727 1719 Da.
766 1669 949 1716 Mirum
973 1667 1023 1714 ni
1048 1667 1178 1714 domi
1203 1668 1275 1713 'st.

111 1764 164 1806 20
190 1758 261 1804 Si.
298 1755 387 1803 Ibo
415 1755 472 1802 ad
497 1770 624 1813 eum,
652 1761 792 1814 atque
817 1751 985 1798 eadem
1010 1750 1129 1808 haze,
1156 1765 1260 1810 quae
1285 1747 1371 1794 tibi
1397 1746 1511 1805 dixi,

388 1837 547 1883 dicam
572 1834 738 1882 itidem
763 1833 846 1880 illi.
920 1832 1020 1878 Da.
1059 1830 1236 1877 Nullus
1261 1845 1365 1876 sum
1386 1829 1396 1875 !

188 1919 328 1971 Quid
370 1934 526 1965 causae
568 1918 642 1975 'st,
686 1914 801 1977 quin
842 1913 956 1960 hinc
998 1912 1047 1959 in
1087 1910 1340 1974 pistrinum
1381 1909 1512 1957 recta

387 1998 665 2062 proficiscar
688 1996 802 2043 via?

193 2081 327 2130 Nihil
369 2089 441 2128 est
480 2079 613 2142 preci
653 2078 750 2125 loci
792 2076 1027 2124 relictum.
1098 2073 1207 2121 Jam
1242 2071 1513 2136 perturbavi

389 2161 581 2209 omnia:

193 2244 379 2292 Herum
406 2242 577 2299 fefelli3
617 2240 665 2287 in
691 2239 880 2303 nuptias
900 2237 1087 2301 conjeci
1113 2236 1311 2283 herilem
1336 2235 1513 2293 filium3

195 2325 314 2374 Feci
368 2323 512 2371 hodie
557 2330 609 2368 ut
654 2321 839 2380 fierent,
889 2320 1159 2381 insperante
1216 2317 1326 2376 hoc,
1375 2325 1517 2378 atque

392 2404 540 2452 invito
564 2402 828 2465 Pamphilo.
