1648 2738
451 93 669 132 ANDmA.
719 92 821 129 Aer.
840 90 907 127 1v.
941 90 1070 126 scm«.
1087 88 1127 124 2.
1441 76 1507 123 53

122 219 317 268 Siccine
341 234 417 266 me
442 226 581 279 atque
606 216 732 262 illam
770 213 915 276 oper&
951 212 1034 259 tue.
1071 225 1200 257 nuno
1237 208 1434 254 miseros

317 297 614 345 sollicitarier
633 298 652 343 'l

123 380 249 427 Nam
274 378 455 425 idcirco
483 393 709 435 arcessor,
736 374 926 437 nuptias
951 371 1078 434 quod
1102 369 1219 416 mihi
1246 383 1436 430 appara—

318 459 357 504 ri
384 458 544 505 sensit.

127 540 213 588 Cla.
248 540 443 590 Quibus
467 537 658 599 quidem
678 552 817 597 quam
839 533 978 580 facile
997 538 1216 594 potuerat
1236 525 1436 590 quiesci,

319 619 358 665 si
384 619 462 665 hic
488 617 698 679 quiesset
718 617 747 673 ἱ(

134 701 228 748 Da.
267 700 391 762 Age,
417 699 455 744 si
498 699 576 744 hio
617 713 713 743 non
758 694 933 741 insanit
971 692 1084 738 satis
1126 691 1212 737 su&
1253 696 1437 751 sponte,

324 780 510 842 instiga.
581 778 684 840 My.
723 778 883 837 Atque
909 772 1089 835 aedepol

129 861 201 908 Ea
225 877 299 907 res
324 869 392 906 est
413 877 423 917 3
450 867 793 921 proptereaque
819 871 948 902 nune
972 854 1147 900 misera
1171 851 1220 898 in
1240 863 1442 896 moerore

323 950 406 988 est.
477 940 575 986 Pa.
615 938 781 1000 Mysis,
1470 931 1519 969 10

129 1023 219 1070 Per
245 1038 409 1068 omnes
443 1020 529 1066 tibi
567 1019 729 1081 adjuro
765 1017 912 1074 Deos,
949 1030 1190 1076 nunquam
1229 1028 1332 1059 eam
1368 1026 1445 1057 me

326 1102 623 1148 deserturum
647 1115 656 1145 :

131 1182 261 1241 Non,
287 1182 325 1228 si
347 1181 608 1243 capiundos
633 1178 749 1225 mihi
775 1177 923 1224 seiam
959 1192 1062 1223 esse
1099 1173 1322 1221 inimicos
1347 1187 1444 1218 oxn-

328 1262 430 1309 neis
455 1261 685 1307 homines.

133 1344 275 1392 Hane
316 1343 432 1389 mihi
473 1341 675 1404 expetivi
696 1358 706 1398 ;
745 1339 948 1402 contigit
970 1355 978 1384 ε
1018 1335 1311 1384 conveniunt
1351 1349 1449 1380 mo-

331 1440 437 1470 res:
473 1423 674 1479 valeant,

132 1505 237 1557 Qui
262 1505 382 1551 inter
408 1519 494 1549 nos
518 1502 770 1548 discidium
792 1500 982 1545 volunt:
1009 1499 1150 1554 hane,
1176 1496 1268 1542 nisi
1293 1510 1437 1552 mors,

337 1584 454 1630 mihi
481 1582 655 1629 adimet
678 1597 833 1627 nemo.

141 1665 226 1714 Ch.
263 1664 533 1726 Resipisco.
617 1663 713 1708 Pa.
752 1661 865 1706 Non
909 1658 1147 1721 Apollinis
1192 1655 1344 1719 magis
1377 1670 1453 1702 ve-

333 1760 454 1801 rum,
483 1751 620 1803 atque
645 1742 752 1799 hoe,
778 1754 1057 1801 responsum
1082 1745 1166 1784 est.
1480 1745 1530 1786 15

139 1829 192 1875 Si
218 1826 389 1889 poterit
408 1824 526 1881 fieri,
549 1832 599 1868 ut
624 1838 682 1868 ne
707 1830 838 1883 pater
863 1836 945 1881 per
971 1835 1046 1864 me
1065 1818 1250 1863 stetisse
1271 1816 1452 1873 credat,

138 1908 255 1959 Quo
280 1906 436 1953 minus
473 1905 544 1949 hae
585 1903 752 1949 fierent
794 1900 987 1962 nuptiae,
1029 1898 1164 1944 volo:
1203 1897 1285 1943 sed
1327 1896 1366 1942 si
1409 1895 1454 1942 id

337 2002 434 2032 non
458 1984 647 2046 poterit,

143 2069 199 2116 Id
226 2068 413 2124 faciam,
441 2066 489 2111 in
512 2054 863 2126 proclivi-quod
890 2068 976 2118 est,
1000 2075 1083 2121 per
1104 2074 1178 2104 me
1203 2058 1387 2104 stetisse
1406 2065 1458 2103 ut

341 2146 515 2193 eredat.

143 2229 271 2282 Quis
295 2227 492 2275 videor?
554 2224 640 2271 Ch.
679 2222 827 2268 Miser
853 2236 1002 2282 aeque‚
1031 2228 1168 2281 atque
1193 2235 1296 2282 ego.
1356 2218 1457 2266 Da.

343 2306 609 2354 Consilium
637 2318 810 2364 quaerO.
885 2300 970 2348 C'lz.
1009 2300 1181 2346 Fortis.

546 2386 578 2431 5
594 2383 622 2411 ε»
