1648 2738
409 84 627 123 ANDRIA.
679 83 781 119 Aer.
801 81 872 117 111.
907 80 1033 117 scm.
1052 79 1088 116 4.
1409 67 1474 114 45
1504 92 1507 95 -

91 209 222 259 Tute
243 210 359 257 adeo
373 209 470 271 jam
489 207 590 270 ejus
606 206 749 253 verba
768 203 943 251 audies.
1014 201 1177 248 Heus!
1204 206 1399 247 evocate

286 291 381 336 huc
405 289 606 335 Davum.

94 374 251 435 Atque
276 386 444 418 eccum
466 387 476 417 ;
511 369 650 415 video
675 368 829 429 ipsum
853 366 978 412 foras
1002 363 1144 411 exire.

589 637 793 683 SCENA
826 636 906 680 IV.

399 783 584 830 DAvus.
635 781 777 827 Snuo.
825 778 1090 824 CHREMES.

159 930 260 977 Da.
299 928 379 974 AD
403 936 451 974 te
475 927 616 973 ibam.
687 924 757 970 Si.
793 922 1043 973 Quidnam
1068 920 1174 984 ests!

95 1009 197 1059 Da.
235 1011 334 1057 Cur
391 1024 488 1054 non
547 1005 835 1053 arcessitur?
888 1002 986 1064 jam
1044 997 1403 1061 advesperascit.

290 1091 362 1136 Si.
401 1088 577 1135 Audin'
606 1096 657 1133 tu
683 1085 849 1131 illum?

95 1171 201 1236 Ego
237 1170 416 1217 dudum
451 1167 667 1214 nonnihil
704 1165 880 1212 veritus
914 1179 1035 1221 sum,
1060 1162 1210 1219 Dave,
1239 1161 1407 1218 abste,

292 1266 351 1297 ne
377 1250 557 1296 faceres
582 1247 724 1305 idem,

94 1332 244 1384 Quod
268 1331 436 1393 vulgus
460 1344 701 1377 servorum
725 1326 861 1384 solet,
887 1324 1009 1371 dolis
1032 1331 1084 1370 ut
1108 1337 1184 1369 me
1219 1320 1410 1367 delude-

290 1428 366 1458 res

98 1450 515 1554 Propterea'quod
559 1494 682 1533 amat
722 1485 860 1531 filius.
948 1483 1051 1529 Da.
1090 1481 1242 1544 Egon’
1286 1480 1410 1526 istuc

294 1569 533 1617 facerem?
603 1566 673 1613 Si.
712 1563 923 1611 Credidi.
1437 1569 1462 1607 5

99 1652 248 1714 quue
296 1651 411 1696 adeo
473 1656 689 1694 metuens
746 1661 829 1691 vos
892 1643 1059 1701 celavi,
1107 1641 1235 1703 quod
1280 1656 1410 1687 nunc

295 1731 464 1776 dicam.
536 1729 637 1774 Da.
673 1725 847 1776 Quid?
917 1724 988 1770 Si.
1028 1723 1195 1769 Scies:

100 1812 227 1859 Nam
260 1809 602 1874 propemodum
642 1807 794 1852 habeo
831 1805 917 1851 tibi
950 1804 1048 1867 jam
1081 1803 1236 1850 fidem.
1307 1802 1410 1848 Da.

294 1891 515 1938 Tandem
541 1887 760 1951 cognfisti
786 1886 865 1947 qui
892 1885 1022 1931 siem.

102 1975 172 2021 Si.
209 1973 323 2019 Non
365 1972 550 2018 fuerant
596 1968 771 2030 nuptiae
819 1967 1001 2013 futurae.
1104 1965 1207 2011 Da.
1242 1963 1413 2013 Quid?

296 2069 392 2099 non
411 2054 428 2098 ’ἶ
499 2052 568 2097 Si.
609 2050 703 2096 Sed
729 2049 785 2095 eii
810 2047 961 2110 gratis}

103 2134 349 2192 Simulavi,
386 2149 468 2178 vos
503 2140 554 2178 ut
588 2138 919 2192 pertentarem.
991 2127 1093 2173 Da.
1129 2125 1266 2176 Quid
1310 2124 1414 2170 ais?

298 2215 368 2260 Si.
407 2213 489 2259 Sic
514 2228 588 2257 res
613 2219 696 2257 est.
769 2209 869 2255 Da.
908 2207 1062 2253 Vide!

104 2296 364 2357 Nunquam
388 2294 509 2339 istuc
535 2291 661 2352 quivi
687 2306 776 2352 ego
813 2289 1077 2351 intelligere
1099 2304 1108 2313 ·
1146 2287 1236 2333 vah
1257 2287 1266 2332 !
1305 2301 1417 2332 con-

301 2375 458 2421 silium
482 2372 705 2419 callidum
727 2371 738 2417 !
1446 2387 1494 2427 10
