1648 2738
157 63 217 111 12
531 70 753 107 ANDmA.
805 70 907 106 Aer.
927 70 958 106 1.
993 71 1121 107 scm.
1142 68 1174 105 1.

227 196 417 244 Horum
442 195 521 242 ille
545 195 663 242 nihil
689 195 881 259 egregie
904 203 1074 258 praeter
1100 202 1261 241 cetera

229 278 489 336 Studebat3
527 286 574 324 et
596 286 756 324 tamen
780 277 944 323 omnia
967 277 1071 323 haec
1095 274 1418 322 mediocriter.

228 360 523 408 Gaudebam.
595 358 673 405 So.
711 357 823 406 Non
850 357 1054 421 injuria:
1092 373 1203 403 nam
1228 356 1277 403 id
1303 356 1503 403 arbitror

229 440 464 505 Apprime
488 440 538 487 in
562 440 658 487 vita
681 455 788 486 esse
816 439 948 499 utile,
974 447 1028 485 ut
1050 454 1104 485 ne
1129 437 1249 501 quid
1269 437 1420 484 nimis.

153 529 204 570 35
230 523 301 570 Si.
341 522 425 569 Sic
450 521 547 568 vita
567 530 698 568 erat:
736 520 877 567 facile
903 519 1089 566 omneis
1113 518 1323 582 perferre
1351 534 1406 564 ac
1429 517 1552 581 pati;

231 604 356 652 Cum
382 603 553 667 quibus
578 611 679 650 erat
704 617 911 664 cumque
937 601 1052 660 una,
1079 601 1137 648 iis
1163 615 1266 647 sese
1290 600 1494 657 dedere;

231 685 413 733 Eorum
439 685 638 747 obsequi
662 683 858 742 studiis3
899 683 1126 730 advorsus
1150 681 1359 729 nemini:

231 767 495 829 Nunquam
519 780 804 829 praeponens
830 780 879 812 se
905 765 1011 812 illis.
1081 763 1159 811 Ita
1183 764 1426 811 facillume

232 849 351 896 Sine
376 847 558 896 invidia
582 847 774 894 laudem
801 846 1032 905 invenias,
1060 855 1107 892 et
1133 845 1313 893 amicos
1337 859 1489 908 pares.

155 943 206 983 40
233 931 311 979 So.
351 930 603 993 Sapienter
629 928 773 976 vitam
800 928 1032 975 instituit:
1071 943 1294 989 namque,
1320 927 1412 974 hoc
1444 936 1560 974 tem·

432 1027 565 1075 pore,

241 1094 530 1157 Obsequium
555 1093 741 1152 amicos,
768 1092 945 1139 veritas
970 1091 1140 1150 odium,
1156 1092 1311 1154 parit.

235 1175 308 1222 Si.
345 1175 537 1223 Interea
560 1174 730 1222 mulier
757 1173 990 1236 quaedam,
1019 1172 1195 1220 abhinc
1219 1172 1494 1231 triennium,

237 1256 313 1304 Ex
337 1256 506 1304 Andro
531 1255 864 1320 commigravit
889 1255 984 1302 huc
1009 1254 1216 1313 viciniae,

237 1338 408 1400 Inopia
434 1346 480 1385 et
506 1345 822 1403 cognatorum
848 1335 1147 1400 negligentia

158 1429 211 1468 45
238 1420 439 1479 Coacta,
466 1418 661 1483 egregia
686 1418 856 1477 forma,
885 1426 1024 1479 atque
1051 1426 1189 1464 aetate
1214 1417 1414 1481 integra.

238 1501 316 1549 So.
356 1501 480 1548 Hei!
517 1516 701 1559 vereor,
727 1515 788 1546 ne
813 1499 926 1561 quid
955 1499 1143 1546 Andria
1168 1507 1383 1562 apportet
1408 1498 1533 1546 mali.

238 1584 310 1630 Si.
348 1583 564 1630 Primum
588 1582 693 1629 haec
727 1581 904 1644 pudice
931 1580 1092 1640 vitam,
1117 1597 1260 1644 parce
1288 1597 1342 1628 ac
1368 1581 1564 1638 duriter,

240 1665 448 1728 Agebat,
474 1663 586 1710 lana
613 1678 670 1709 ac
694 1662 789 1709 tela
816 1661 997 1708 victum
1022 1662 1307 1724 quaeritans:

242 1746 355 1805 Sed,
376 1753 629 1809 postquam
657 1760 820 1791 amans
848 1743 1068 1802 accessit,
1088 1743 1295 1805 pretium
1314 1742 1564 1805 pollicens,

163 1841 214 1881 50
240 1828 391 1886 Unus,
418 1835 465 1873 et
492 1826 604 1873 item
633 1825 776 1883 alter3
816 1825 882 1871 ita
906 1833 957 1871 ut
982 1824 1229 1888 ingenium
1256 1833 1327 1871 est
1352 1824 1564 1871 omnium

242 1909 509 1956 Hominum
537 1908 595 1954 ab
618 1907 782 1954 labore
805 1906 1016 1970 proclive
1044 1906 1100 1952 ad
1126 1906 1420 1964 lubidinem3

242 1990 451 2052 Accepit
479 1989 824 2047 conditionem,
851 1987 963 2034 dein
987 1996 1217 2050 quaestum
1246 1988 1438 2049 occipit.

240 2073 346 2124 Qui
371 2082 470 2118 tum
499 2071 625 2118 illam
653 2070 892 2128 amabant,
919 2069 1040 2116 forte
1067 2068 1156 2133 (ita
1180 2077 1232 2116 ut
1256 2069 1329 2133 fit)
1357 2068 1506 2115 filium

243 2152 518 2201 Perduxere
546 2152 677 2210 illuc,
705 2167 869 2198 secum
895 2160 947 2197 ut
972 2151 1067 2197 una
1093 2159 1234 2209 esset,
1259 2167 1433 2197 meum.

167 2247 219 2286 55
245 2236 452 2299 Egomet
477 2233 709 2281 continuo
734 2248 953 2279 mecum:
993 2238 1023 2258 “
1042 2232 1189 2279 Certe
1215 2243 1381 2294 captus
1407 2234 1504 2280 est!

248 2317 436 2363 Habet!
457 2317 482 2337 ’'
554 2314 883 2362 Observabam
909 2330 1049 2361 mane
1074 2314 1264 2360 illorum
1290 2315 1501 2361 servulos

248 2399 512 2446 Venientes
529 2405 608 2446 aut
626 2396 853 2445 abeuntes
871 2413 880 2443 :
906 2396 1188 2460 rogitabam,
1206 2401 1235 2423 “
1254 2395 1406 2457 Heus,
1422 2411 1537 2461 puer
1553 2398 1565 2442 l
