1648 2738
98 61 166 110 36
496 69 754 108 ADELPm.
803 70 908 107 Aer.
928 68 980 107 11.
1014 69 1143 107 Scan.
1164 68 1196 108 1.

179 194 311 243 Cave
334 211 465 243 nunc
502 195 601 259 jam
642 195 811 243 oeulos
855 212 881 243 a
918 195 1039 243 meis
1076 196 1232 243 oeulis
1273 211 1514 259 quoquam

377 277 632 325 demoveas
656 286 765 324 tuos
787 294 796 324 ι

176 357 255 407 Ne
279 375 413 407 mora
436 358 513 418 sit,
539 358 579 405 si
604 358 824 419 innuero,
852 358 966 421 quin
990 374 1182 423 pugnus
1206 359 1439 407 continuo
1464 359 1513 407 in

377 441 504 488 male
530 440 720 488 haereat.

177 522 261 571 Sa.
298 521 432 570 Istuc
458 522 565 569 volo
590 537 706 585 ergo
727 522 882 584 ipsum
902 521 1121 584 experiri.
1192 522 1307 570 AEs.
1348 522 1510 571 Hem!

378 619 526 651 serva.
597 603 783 650 Omitte
807 604 1072 651 mulierem.

176 684 262 733 Sa.
299 684 346 733 Ο
372 684 559 732 facinus
584 684 870 748 indignum!
940 683 1055 732 AEs.
1092 685 1388 746 Geminabit,
1414 685 1508 733 nisi

377 783 531 814 caves.
604 767 688 814 Sa.
729 766 826 813 Hei
852 766 1028 814 misero
1055 767 1198 814 mihi!

97 850 149 891 20
175 848 291 897 AEs.
328 848 444 896 Non
492 849 742 895 innueram
765 864 774 895 :
834 864 998 895 verum
1046 849 1095 895 in
1142 848 1278 895 istam
1327 857 1511 913 partem

372 931 534 993 potius
559 940 762 993 peccato
787 939 962 977 tamen.

174 1010 199 1058 I
223 1027 354 1059 nunc
374 1012 486 1075 jam.
559 1013 642 1060 Sa.
680 1011 819 1063 Quid
852 1011 945 1058 hoe
978 1011 1048 1058 rei
1084 1013 1190 1059 est?
1227 1027 1510 1076 regnumne,

373 1094 626 1152 AEschine,
653 1093 734 1141 hio
757 1102 809 1140 tu
834 1093 1088 1156 possides?

173 1174 288 1222 AEs.
329 1175 382 1222 Si
405 1176 718 1238 possiderem,
745 1184 943 1221 ornatus
985 1191 1114 1222 esses
1152 1191 1212 1222 ex
1248 1175 1344 1223 tuis
1367 1176 1512 1223 virtu·

372 1257 514 1304 tibus.

174 1337 259 1385 Sa.
295 1337 435 1388 Quid
459 1337 546 1384 tibi
571 1337 640 1384 rei
666 1353 857 1384 meeum
883 1338 982 1384 'st'f
1053 1336 1169 1383 AEs.
1196 1335 1351 1383 Nihil.
1422 1336 1508 1384 Sa.

371 1419 547 1470 Quid?
584 1418 759 1466 nostin’
788 1419 869 1481 qui
895 1419 1022 1466 sim?
1091 1417 1207 1467 AEs.
1245 1417 1361 1466 Non
1386 1417 1510 1466 desi-

373 1501 503 1549 der0.

174 1584 259 1632 Sa.
297 1583 513 1647 Tetigin'
541 1583 611 1630 tui
635 1583 933 1646 quidquam?
1002 1581 1118 1630 AEs.
1157 1581 1210 1629 Si
1249 1581 1508 1646 attigisses,

372 1665 520 1713 serres
546 1665 874 1712 infortunium.

95 1752 149 1793 25
174 1748 260 1796 Sa.
294 1747 399 1798 Qui
425 1747 513 1794 tibi
537 1746 691 1811 magis
714 1746 829 1793 licet
866 1762 1021 1793 meam
1058 1745 1253 1805 habere,
1288 1760 1377 1808 pro
1412 1746 1506 1808 quft

372 1844 464 1892 ego
490 1836 739 1891 argentum
766 1826 911 1874 dedi?

173 1909 451 1974 Responde.
533 1908 648 1956 AEs.
695 1909 828 1955 Ante
874 1907 1000 1955 aedes
1045 1923 1143 1955 non
1195 1906 1368 1954 fecisse
1416 1907 1506 1955 erit

370 1990 542 2038 melius
567 1990 647 2037 hie
673 1990 944 2037 convicium
965 2005 975 2037 t

173 2074 303 2122 Nam
328 2072 366 2120 si
392 2071 622 2119 molestus
645 2071 806 2135 pergis
830 2087 952 2130 esse,
973 2070 1071 2134 jam
1098 2069 1224 2117 intro
1251 2068 1498 2133 abripiere,

373 2162 515 2216 atque
540 2153 606 2200 ibi

173 2234 338 2298 Usque
363 2233 422 2281 ad
458 2249 629 2281 necem
671 2231 890 2296 operiere
930 2231 1059 2279 loris.
1131 2230 1216 2279 Sa.
1256 2235 1286 2257 “
1310 2229 1452 2278 Loris
1469 2230 1497 2253 ’¹

372 2315 526 2363 liber?
595 2313 711 2362 AES.
750 2314 835 2362 Sic
859 2313 962 2362 erit.
