1648 2738
125 78 190 133 3ss
528 94 750 132 ANDRIA.
802 94 906 132 Am.
925 95 977 131 11.
1015 95 1144 132 Sem.
1161 94 1197 132 6.

151 229 178 267 5
204 218 307 266 Da.
345 218 524 267 Praeter
575 236 708 283 spem
765 220 951 268 evenit:
1011 220 1198 268 sentio:
1256 219 1351 267 hoc
1408 220 1533 269 male

403 301 547 348 habet
570 302 738 350 virum.

203 382 276 430 Si.
313 382 470 430 Potin’
510 399 560 430 es
595 383 713 430 mihi
749 398 912 430 verum
949 382 1147 431 dicere?
1255 383 1356 431 Da.
1395 383 1532 431 Nihil

404 465 607 512 facilius.

205 546 276 594 Si.
315 546 450 593 Num
475 547 543 593 illi
569 546 780 594 molestae
807 546 1052 609 quidpiam
1077 546 1149 594 hae
1175 554 1286 593 sunt
1308 546 1506 610 nuptiae,

205 628 406 691 Propter
431 628 632 692 hujusce
657 627 858 692 hospitae
885 628 1320 675 consuetudinem?

206 709 309 758 Da.
348 709 504 768 Nihil,
541 709 736 757 hercle:
792 717 887 769 aut,
927 709 966 756 si
1004 710 1140 769 adeo,
1177 709 1314 756 bidui
1349 717 1421 757 est
1458 718 1539 758 aut

404 790 551 838 tridui

133 877 181 917 10
208 871 332 919 Haec
358 872 633 919 sollicitudo
656 889 665 920 ε
703 871 831 920 misti
853 889 862 919 ε
901 872 1075 920 deinde
1099 872 1300 920 desinet.

208 951 404 1000 Etenim
431 954 559 1017 ipsus
585 970 748 1001 secum
776 970 882 1001 eam
907 970 1008 1001 rem
1032 954 1166 1001 rect&
1190 953 1427 1017 reputavit
1445 954 1536 1001 viri.

208 1034 281 1082 Si.
320 1034 503 1083 Laudo.
594 1037 696 1083 Da.
733 1035 866 1083 Dum
898 1035 1087 1083 licitum
1124 1044 1195 1084 est
1231 1036 1292 1095 ei,
1330 1036 1540 1099 dumque

409 1127 521 1165 aetas
545 1117 669 1177 tulit,

210 1199 437 1247 Amavit:
474 1208 576 1246 turn
611 1199 660 1247 id
696 1199 852 1247 clam:
900 1200 1042 1261 cavit,
1080 1216 1141 1248 ne
1176 1217 1389 1263 unquam
1426 1199 1544 1247 infa-

409 1281 517 1329 miae

211 1361 287 1409 Ea
310 1379 386 1410 res
411 1363 500 1410 sibi
527 1372 669 1424 esset,
695 1373 748 1411 ut
771 1364 924 1411 virum
964 1364 1133 1412 sortem
1167 1364 1321 1413 decet.

134 1447 186 1489 15
212 1443 262 1492 N
266 1461 363 1492 unc
387 1461 535 1494 uxore
560 1462 680 1509 opus
706 1454 804 1493 est:
844 1446 1056 1493 animum
1084 1446 1141 1494 ad
1167 1463 1364 1495 uxorem
1404 1463 1546 1511 appu-

414 1527 482 1574 lit.

214 1607 286 1656 Si.
325 1608 580 1656 Subtristis
605 1609 735 1656 visus
759 1617 830 1657 est
854 1626 958 1657 esse
985 1609 1331 1672 aliquantulum
1357 1612 1488 1660 mihi.

214 1688 320 1738 Da.
358 1690 495 1737 Nihil
520 1700 714 1754 propter
739 1691 864 1738 hanc
889 1707 1019 1740 rem:
1058 1692 1141 1740 sed
1167 1702 1254 1753 est,
1282 1694 1408 1756 quod
1442 1710 1548 1741 suc-

416 1781 582 1819 censet
605 1773 708 1820 tibi.

216 1854 289 1901 Si.
325 1854 579 1905 Quidnam
604 1856 708 1902 est?
779 1853 882 1902 Da.
921 1855 1113 1903 Puerile
1142 1866 1224 1903 est.
1299 1856 1370 1905 Si.
1408 1857 1545 1908 Quid

417 1937 520 1983 est'?
590 1937 692 1984 Da.
720 1936 871 1985 Nihil.
944 1937 1014 1985 Si.
1042 1937 1180 1988 Quin
1199 1938 1292 1998 dic,
1312 1939 1426 2001 quid
1443 1942 1546 1987 est‘?
1622 1962 1627 1963 ⁷

219 2016 322 2065 Da.
361 2017 462 2076 Ait,
500 2017 702 2064 nimium
737 2034 881 2081 parce
918 2018 1076 2066 facere
1112 2029 1366 2082 sumptum.
1473 2021 1544 2069 Si.

419 2097 600 2146 Mene?
670 2099 773 2147 Da.
811 2099 902 2148 Te.

142 2183 194 2224 20
221 2187 251 2208 “
269 2181 415 2240 Vix‚'’
442 2180 612 2243 inquit,
639 2186 670 2207 “
689 2181 930 2229 drachmis
955 2190 1025 2229 est
1049 2192 1309 2245 opsonatus
1334 2184 1515 2233 decem.

221 2262 355 2310 Num
381 2262 480 2309 filio
504 2262 691 2309 videtur
717 2280 913 2311 uxorem
941 2265 1089 2311 dare?
1514 2318 1517 2319 ⁷

221 2344 436 2404 Quem,''
485 2343 656 2406 inquit,
704 2350 737 2371 “
757 2345 814 2393 ad
861 2362 1048 2393 coenam
1093 2348 1277 2395 vocabo
1331 2330 1546 2396 meorum

423 2425 675 2489 aequalium
