1648 2738
124 85 191 135 28
528 89 752 127 ANDRIA.
802 87 906 124 Aer.
928 86 979 122 11.
1015 85 1143 123 scm«.
1162 84 1199 120 2.

203 217 468 280 Principio,
516 224 568 263 ut
613 230 675 262 ne
722 214 885 260 ducas.
984 211 1084 258 Pa.
1122 209 1263 257 Dabo
1310 206 1532 270 equidem

403 314 611 361 operam.
688 295 774 344 Ch.
815 294 913 342 Sed
937 293 977 340 si
1002 293 1051 340 id
1074 307 1172 339 non
1194 299 1332 355 potes
1351 307 1362 349 ;

207 382 306 428 Aut
330 381 418 428 tibi
443 379 622 442 nuptiae
647 379 721 425 hae
747 386 857 424 sunt
881 375 1016 423 cordi
1053 412 1063 422 .
1103 411 1112 421 .
1152 411 1161 421 .
1200 410 1210 421 .
1279 372 1379 420 Pa.
1417 370 1537 418 Cor·

406 462 488 509 di?
561 461 648 508 Ch..
687 460 867 506 Saltem
896 457 1077 519 aliquot
1102 454 1204 502 dies

206 545 389 605 Profer,
411 544 525 590 dum
548 542 829 606 proficiscor
857 540 1016 602 aliquo
1032 555 1043 597 ;
1081 553 1143 585 ne
1162 536 1363 584 videam.
1433 534 1534 582 Pa.

405 625 539 673 Audi
563 640 695 671 nuno
714 623 813 686 jam
835 639 845 669 :

129 718 181 758 30
207 708 332 772 Ego,
379 706 608 765 Charine,
656 704 936 766 neutiquam
987 701 1202 749 officium
1246 698 1387 747 liberi
1433 713 1539 746 esse

407 788 617 835 hominis
640 795 774 850 puto,

208 872 334 920 Cum
381 871 420 918 is
467 870 587 917 nihil
642 875 930 932 promereat,
986 863 1229 929 postulare
1276 862 1325 910 id
1372 860 1539 927 gratiae

407 952 582 1016 apponi
607 950 713 998 sibi.

207 1035 419 1098 Nuptias
443 1034 654 1098 effugere
679 1047 771 1096 ego
806 1031 921 1078 istas
955 1028 1099 1089 ma10‚
1126 1043 1269 1091 quam
1292 1034 1344 1073 tu
1371 1025 1543 1089 adipis-

410 1116 523 1163 oier.

213 1199 299 1247 072.
337 1197 617 1247 Reddidisti
676 1195 903 1243 animum.
1006 1192 1106 1240 Pa.
1145 1191 1295 1239 Nune
1340 1189 1382 1238 si
1427 1189 1544 1253 quid

409 1288 547 1343 potes
573 1286 653 1325 aut
677 1287 746 1337 tu,
774 1285 855 1324 aut
878 1276 958 1322 hio
984 1273 1202 1337 Byrrhia,

210 1362 397 1421 Facite,
422 1361 604 1425 fingite,
634 1359 860 1417 invenite,
887 1357 1079 1416 efficite,
1105 1354 1187 1418 qui
1213 1355 1351 1401 detur
1375 1353 1478 1402 tibi.

133 1460 186 1501 3³5
212 1444 321 1509 Ego
342 1443 391 1491 id
412 1459 566 1507 agam,
587 1441 705 1488 mihi
726 1439 806 1502 qui
827 1456 889 1487 ne
909 1439 1060 1486 detur.
1136 1436 1224 1484 Ch.
1263 1436 1350 1483 Sat
1373 1435 1543 1483 habeo.

411 1525 512 1572 Pa.
550 1524 741 1571 Davum
767 1530 962 1584 optume

213 1608 401 1656 Video:
456 1606 598 1669 hujus
639 1604 845 1652 oonsilio
886 1603 1035 1651 fretus
1076 1617 1196 1649 sum.
1271 1600 1357 1648 Ch.
1396 1599 1464 1646 At
1494 1606 1545 1647 tu

416 1688 579 1735 hercle
604 1687 732 1733 haud
757 1685 1018 1748 quidquam
1042 1683 1177 1743 mihi,

216 1771 328 1820 Nisi
353 1787 425 1830 ea,
452 1786 558 1832 quae
583 1768 703 1815 nihil
730 1784 849 1830 opus
874 1774 985 1813 sunt
1009 1764 1148 1812 scire.
1191 1763 1366 1828 Fugin'
1395 1762 1546 1810 hino?

414 1852 516 1916 By.
554 1851 663 1915 Ego
686 1865 816 1909 vero,
845 1864 901 1896 ao
924 1847 1110 1894 lubens,

738 2069 944 2114 SCENA
974 2068 1031 2112 ΙΙ.

441 2200 630 2249 DAVUS.
680 2198 963 2245 CHARINUS.
1013 2195 1325 2242 Pmmnms.

221 2336 325 2386 Da.
362 2334 426 2384 Di
452 2333 584 2393 boni,
609 2332 725 2379 boni
751 2331 865 2393 quid
888 2329 1055 2393 porto!
1093 2328 1175 2375 sed
1201 2327 1284 2375 ubi
1310 2327 1555 2376 inveniam

419 2415 724 2480 Pamphilum
742 2414 760 2460 Ἰ
