<?xml version="1.0" encoding="UTF-8"?>
<!DOCTYPE html PUBLIC "-//W3C//DTD XHTML 1.0 Transitional//EN"
    "http://www.w3.org/TR/xhtml1/DTD/xhtml1-transitional.dtd">
<html xmlns="http://www.w3.org/1999/xhtml" xml:lang="en" lang="en">
 <head>
  <title>
</title>
<meta http-equiv="Content-Type" content="text/html;charset=utf-8" />
  <meta name='ocr-system' content='tesseract 3.04.00' />
  <meta name='ocr-capabilities' content='ocr_page ocr_carea ocr_par ocr_line ocrx_word'/>
</head>
<body>
  <div class='ocr_page' id='page_1' title='image "andriaadelphique00tere_0134.png"; bbox 0 0 1648 2738; ppageno 0'>
   <div class='ocr_carea' id='block_1_1' title="bbox 133 88 1176 140">
    <p class='ocr_par' dir='ltr' id='par_1_1' title="bbox 133 88 1176 140">
     <span class='ocr_line' id='line_1_1' title="bbox 133 88 1176 140; baseline -0.002 0"><span class='ocrx_word' id='word_1_1' title='bbox 133 88 228 140; x_wconf 78' lang='grc'>128</span> <span class='ocrx_word' id='word_1_2' title='bbox 480 100 736 139; x_wconf 81' lang='lat' dir='ltr'><strong>ADELPHI.</strong></span> <span class='ocrx_word' id='word_1_3' title='bbox 787 101 890 138; x_wconf 67' lang='lat' dir='ltr'>Aer.</span> <span class='ocrx_word' id='word_1_4' title='bbox 909 100 958 138; x_wconf 86' lang='lat' dir='ltr'>v.</span> <span class='ocrx_word' id='word_1_5' title='bbox 994 99 1123 138; x_wconf 62' lang='lat' dir='ltr'>sm«.</span> <span class='ocrx_word' id='word_1_6' title='bbox 1140 99 1176 138; x_wconf 81' lang='lat'>2.</span> 
     </span>
    </p>
   </div>
   <div class='ocr_carea' id='block_1_2' title="bbox 715 299 1013 344">
    <p class='ocr_par' dir='ltr' id='par_1_2' title="bbox 715 299 1013 344">
     <span class='ocr_line' id='line_1_2' title="bbox 715 299 1013 344; baseline -0.003 -1"><span class='ocrx_word' id='word_1_7' title='bbox 715 299 877 344; x_wconf 84' lang='lat' dir='ltr'>SCEN</span> <span class='ocrx_word' id='word_1_8' title='bbox 885 302 925 344; x_wconf 94' lang='lat' dir='ltr'>A</span> <span class='ocrx_word' id='word_1_9' title='bbox 957 299 1013 343; x_wconf 90' lang='grc' dir='ltr'>ΙΙ.</span> 
     </span>
    </p>
   </div>
   <div class='ocr_carea' id='block_1_3' title="bbox 509 426 1220 475">
    <p class='ocr_par' dir='ltr' id='par_1_3' title="bbox 509 426 1220 475">
     <span class='ocr_line' id='line_1_3' title="bbox 509 426 1220 475; baseline -0.003 -1"><span class='ocrx_word' id='word_1_10' title='bbox 509 426 711 474; x_wconf 65' lang='lat' dir='ltr'>Dnomo.</span> <span class='ocrx_word' id='word_1_11' title='bbox 774 427 955 475; x_wconf 63' lang='lat' dir='ltr'>Simus.</span> <span class='ocrx_word' id='word_1_12' title='bbox 1016 427 1220 474; x_wconf 69' lang='lat' dir='ltr'>DmmA.</span> 
     </span>
    </p>
   </div>
   <div class='ocr_carea' id='block_1_4' title="bbox 122 558 1530 2013">
    <p class='ocr_par' dir='ltr' id='par_1_4' title="bbox 122 558 1530 2013">
     <span class='ocr_line' id='line_1_4' title="bbox 264 558 1529 676; baseline 0 -70"><span class='ocrx_word' id='word_1_13' title='bbox 264 558 363 607; x_wconf 89' lang='lat' dir='ltr'>Dr.</span> <span class='ocrx_word' id='word_1_14' title='bbox 402 559 577 608; x_wconf 69' lang='lat' dir='ltr'>Heus!</span> <span class='ocrx_word' id='word_1_15' title='bbox 617 560 753 623; x_wconf 85' lang='lat' dir='ltr'>Sy,re</span> <span class='ocrx_word' id='word_1_16' title='bbox 780 568 917 623; x_wconf 83' lang='lat' dir='ltr'>rogat</span> <span class='ocrx_word' id='word_1_17' title='bbox 934 569 980 607; x_wconf 90' lang='lat' dir='ltr'>te</span> <span class='ocrx_word' id='word_1_18' title='bbox 997 559 1245 676; x_wconf 84' lang='lat' dir='ltr'>Ctesipho,</span> <span class='ocrx_word' id='word_1_19' title='bbox 1274 567 1324 607; x_wconf 89' lang='lat' dir='ltr'>ut</span> <span class='ocrx_word' id='word_1_20' title='bbox 1349 558 1529 607; x_wconf 86' lang='lat' dir='ltr'>redeas.</span> 
     </span>
     <span class='ocr_line' id='line_1_5' title="bbox 398 641 637 704; baseline 0.004 -17"><span class='ocrx_word' id='word_1_21' title='bbox 398 641 485 704; x_wconf 76' lang='lat' dir='ltr'>Sy.</span> <span class='ocrx_word' id='word_1_22' title='bbox 524 641 637 689; x_wconf 87' lang='lat' dir='ltr'>Abi.</span> 
     </span>
     <span class='ocr_line' id='line_1_6' title="bbox 198 722 1528 788; baseline 0.001 -19"><span class='ocrx_word' id='word_1_23' title='bbox 198 722 292 770; x_wconf 84' lang='lat' dir='ltr'>De.</span> <span class='ocrx_word' id='word_1_24' title='bbox 328 722 466 774; x_wconf 80' lang='lat' dir='ltr'>Quid</span> <span class='ocrx_word' id='word_1_25' title='bbox 493 724 837 787; x_wconf 88' lang='lat' dir='ltr'>Ctesiphonem</span> <span class='ocrx_word' id='word_1_26' title='bbox 875 724 953 770; x_wconf 88' lang='lat' dir='ltr'>hic</span> <span class='ocrx_word' id='word_1_27' title='bbox 989 725 1183 771; x_wconf 71' lang='lat' dir='ltr'>narrat?</span> <span class='ocrx_word' id='word_1_28' title='bbox 1251 723 1338 788; x_wconf 73' lang='lat' dir='ltr'>Sy.</span> <span class='ocrx_word' id='word_1_29' title='bbox 1375 722 1528 770; x_wconf 88' lang='lat' dir='ltr'>Nihil.</span> 
     </span>
     <span class='ocr_line' id='line_1_7' title="bbox 395 805 924 865; baseline -0.002 -12"><span class='ocrx_word' id='word_1_30' title='bbox 395 805 489 853; x_wconf 85' lang='lat' dir='ltr'>De.</span> <span class='ocrx_word' id='word_1_31' title='bbox 526 805 652 865; x_wconf 89' lang='lat' dir='ltr'>Eho,</span> <span class='ocrx_word' id='word_1_32' title='bbox 679 806 924 865; x_wconf 85' lang='lat' dir='ltr'>carnufex,</span> 
     </span>
     <span class='ocr_line' id='line_1_8' title="bbox 198 886 1530 952; baseline -0.001 -18"><span class='ocrx_word' id='word_1_33' title='bbox 198 886 287 934; x_wconf 85' lang='lat' dir='ltr'>Est</span> <span class='ocrx_word' id='word_1_34' title='bbox 328 887 560 950; x_wconf 84' lang='lat' dir='ltr'>Ctesipho</span> <span class='ocrx_word' id='word_1_35' title='bbox 602 888 765 935; x_wconf 63' lang='lat' dir='ltr'>intus?</span> <span class='ocrx_word' id='word_1_36' title='bbox 848 888 936 952; x_wconf 75' lang='lat' dir='ltr'>Sy.</span> <span class='ocrx_word' id='word_1_37' title='bbox 974 887 1088 935; x_wconf 89' lang='lat' dir='ltr'>Non</span> <span class='ocrx_word' id='word_1_38' title='bbox 1135 897 1221 935; x_wconf 87' lang='lat' dir='ltr'>est.</span> <span class='ocrx_word' id='word_1_39' title='bbox 1293 887 1388 936; x_wconf 83' lang='lat' dir='ltr'>De.</span> <span class='ocrx_word' id='word_1_40' title='bbox 1428 887 1530 935; x_wconf 89' lang='lat' dir='ltr'>Cur</span> 
     </span>
     <span class='ocr_line' id='line_1_9' title="bbox 398 969 754 1017; baseline 0.006 -2"><span class='ocrx_word' id='word_1_41' title='bbox 398 969 477 1016; x_wconf 88' lang='lat' dir='ltr'>hic</span> <span class='ocrx_word' id='word_1_42' title='bbox 502 970 754 1017; x_wconf 70' lang='lat' dir='ltr'>nominat?</span> 
     </span>
     <span class='ocr_line' id='line_1_10' title="bbox 198 1050 1395 1114; baseline 0 -17"><span class='ocrx_word' id='word_1_43' title='bbox 198 1050 283 1113; x_wconf 80' lang='lat' dir='ltr'>Sy.</span> <span class='ocrx_word' id='word_1_44' title='bbox 322 1050 410 1098; x_wconf 86' lang='lat' dir='ltr'>Est</span> <span class='ocrx_word' id='word_1_45' title='bbox 436 1050 556 1098; x_wconf 90' lang='lat' dir='ltr'>alius</span> <span class='ocrx_word' id='word_1_46' title='bbox 581 1051 791 1114; x_wconf 86' lang='lat' dir='ltr'>quidam,</span> <span class='ocrx_word' id='word_1_47' title='bbox 817 1051 1121 1114; x_wconf 81' lang='lat' dir='ltr'>parasitaster</span> <span class='ocrx_word' id='word_1_48' title='bbox 1146 1050 1395 1114; x_wconf 86' lang='lat' dir='ltr'>parvolus:</span> 
     </span>
     <span class='ocr_line' id='line_1_11' title="bbox 147 1131 1530 1196; baseline 0.001 -17"><span class='ocrx_word' id='word_1_49' title='bbox 147 1139 173 1178; x_wconf 90' lang='lat'>5</span> <span class='ocrx_word' id='word_1_50' title='bbox 198 1131 431 1180; x_wconf 57' lang='lat' dir='ltr'>Nostin’i</span> <span class='ocrx_word' id='word_1_51' title='bbox 500 1132 593 1179; x_wconf 86' lang='lat' dir='ltr'>De.</span> <span class='ocrx_word' id='word_1_52' title='bbox 632 1132 738 1179; x_wconf 90' lang='lat' dir='ltr'>Jam</span> <span class='ocrx_word' id='word_1_53' title='bbox 766 1133 916 1180; x_wconf 86' lang='lat' dir='ltr'>scibo.</span> <span class='ocrx_word' id='word_1_54' title='bbox 987 1132 1072 1195; x_wconf 79' lang='lat' dir='ltr'>Sy.</span> <span class='ocrx_word' id='word_1_55' title='bbox 1108 1132 1246 1183; x_wconf 78' lang='lat' dir='ltr'>Quid</span> <span class='ocrx_word' id='word_1_56' title='bbox 1265 1132 1398 1196; x_wconf 65' lang='lat' dir='ltr'>agis?</span> <span class='ocrx_word' id='word_1_57' title='bbox 1435 1148 1530 1196; x_wconf 90' lang='lat' dir='ltr'>quo</span> 
     </span>
     <span class='ocr_line' id='line_1_12' title="bbox 399 1214 996 1262; baseline 0.002 -2"><span class='ocrx_word' id='word_1_58' title='bbox 399 1214 533 1261; x_wconf 68' lang='lat' dir='ltr'>abis?</span> <span class='ocrx_word' id='word_1_59' title='bbox 602 1214 696 1261; x_wconf 88' lang='lat' dir='ltr'>De.</span> <span class='ocrx_word' id='word_1_60' title='bbox 736 1214 879 1262; x_wconf 89' lang='lat' dir='ltr'>Mitte</span> <span class='ocrx_word' id='word_1_61' title='bbox 906 1231 996 1261; x_wconf 88' lang='lat' dir='ltr'>me.</span> 
     </span>
     <span class='ocr_line' id='line_1_13' title="bbox 197 1292 1527 1356; baseline 0.002 -17"><span class='ocrx_word' id='word_1_62' title='bbox 197 1292 284 1356; x_wconf 73' lang='lat' dir='ltr'>Sy.</span> <span class='ocrx_word' id='word_1_63' title='bbox 322 1293 456 1352; x_wconf 87' lang='lat' dir='ltr'>Noli,</span> <span class='ocrx_word' id='word_1_64' title='bbox 495 1294 703 1356; x_wconf 87' lang='lat' dir='ltr'>inquam.</span> <span class='ocrx_word' id='word_1_65' title='bbox 774 1294 867 1342; x_wconf 79' lang='lat' dir='ltr'>De.</span> <span class='ocrx_word' id='word_1_66' title='bbox 905 1294 1019 1341; x_wconf 94' lang='lat' dir='ltr'>Non</span> <span class='ocrx_word' id='word_1_67' title='bbox 1063 1311 1257 1341; x_wconf 87' lang='lat' dir='ltr'>manum</span> <span class='ocrx_word' id='word_1_68' title='bbox 1300 1294 1527 1353; x_wconf 86' lang='lat' dir='ltr'>abstines,</span> 
     </span>
     <span class='ocr_line' id='line_1_14' title="bbox 396 1376 655 1440; baseline 0.004 -18"><span class='ocrx_word' id='word_1_69' title='bbox 396 1376 618 1440; x_wconf 88' lang='lat' dir='ltr'>mastigia</span> <span class='ocrx_word' id='word_1_70' title='bbox 636 1378 655 1423; x_wconf 69' lang='lat' dir='ltr'>‘Z</span> 
     </span>
     <span class='ocr_line' id='line_1_15' title="bbox 197 1457 1526 1523; baseline 0.003 -20"><span class='ocrx_word' id='word_1_71' title='bbox 197 1458 278 1503; x_wconf 90' lang='lat' dir='ltr'>An</span> <span class='ocrx_word' id='word_1_72' title='bbox 302 1457 390 1504; x_wconf 89' lang='lat' dir='ltr'>tibi</span> <span class='ocrx_word' id='word_1_73' title='bbox 421 1457 519 1521; x_wconf 86' lang='lat' dir='ltr'>jam</span> <span class='ocrx_word' id='word_1_74' title='bbox 545 1458 694 1504; x_wconf 88' lang='lat' dir='ltr'>mavis</span> <span class='ocrx_word' id='word_1_75' title='bbox 719 1459 969 1505; x_wconf 89' lang='lat' dir='ltr'>cerebrum</span> <span class='ocrx_word' id='word_1_76' title='bbox 1006 1459 1215 1523; x_wconf 84' lang='lat' dir='ltr'>dispergi</span> <span class='ocrx_word' id='word_1_77' title='bbox 1250 1458 1368 1507; x_wconf 65' lang='lat' dir='ltr'>hic?</span> <span class='ocrx_word' id='word_1_78' title='bbox 1437 1458 1526 1522; x_wconf 78' lang='lat' dir='ltr'>Sy.</span> 
     </span>
     <span class='ocr_line' id='line_1_16' title="bbox 396 1539 530 1587; baseline 0.007 -1"><span class='ocrx_word' id='word_1_79' title='bbox 396 1539 530 1587; x_wconf 82' lang='lat' dir='ltr'>Abit.</span> 
     </span>
     <span class='ocr_line' id='line_1_17' title="bbox 197 1620 1441 1684; baseline 0.002 -16"><span class='ocrx_word' id='word_1_80' title='bbox 197 1620 404 1684; x_wconf 89' lang='lat' dir='ltr'>AEdepol</span> <span class='ocrx_word' id='word_1_81' title='bbox 432 1621 792 1669; x_wconf 86' lang='lat' dir='ltr'>comissatorem</span> <span class='ocrx_word' id='word_1_82' title='bbox 819 1623 947 1669; x_wconf 89' lang='lat' dir='ltr'>haud</span> <span class='ocrx_word' id='word_1_83' title='bbox 972 1639 1087 1670; x_wconf 86' lang='lat' dir='ltr'>sane</span> <span class='ocrx_word' id='word_1_84' title='bbox 1113 1623 1441 1683; x_wconf 90' lang='lat' dir='ltr'>commodum,</span> 
     </span>
     <span class='ocr_line' id='line_1_18' title="bbox 196 1702 1461 1769; baseline 0.004 -21"><span class='ocrx_word' id='word_1_85' title='bbox 196 1702 463 1750; x_wconf 70' lang='lat' dir='ltr'>Praesertim</span> <span class='ocrx_word' id='word_1_86' title='bbox 490 1703 786 1766; x_wconf 86' lang='lat' dir='ltr'>Ctesiphoni.</span> <span class='ocrx_word' id='word_1_87' title='bbox 855 1704 992 1755; x_wconf 77' lang='lat' dir='ltr'>Quid</span> <span class='ocrx_word' id='word_1_88' title='bbox 1017 1721 1107 1768; x_wconf 83' lang='lat' dir='ltr'>ego</span> <span class='ocrx_word' id='word_1_89' title='bbox 1132 1721 1263 1752; x_wconf 88' lang='lat' dir='ltr'>nunc</span> <span class='ocrx_word' id='word_1_90' title='bbox 1290 1704 1461 1769; x_wconf 64' lang='lat' dir='ltr'>agam?</span> 
     </span>
     <span class='ocr_line' id='line_1_19' title="bbox 122 1783 1526 1851; baseline 0.003 -21"><span class='ocrx_word' id='word_1_91' title='bbox 122 1784 171 1825; x_wconf 87' lang='lat'>10</span> <span class='ocrx_word' id='word_1_92' title='bbox 194 1783 323 1844; x_wconf 83' lang='lat' dir='ltr'>Nisi,</span> <span class='ocrx_word' id='word_1_93' title='bbox 344 1785 456 1832; x_wconf 91' lang='lat' dir='ltr'>dum</span> <span class='ocrx_word' id='word_1_94' title='bbox 482 1786 553 1833; x_wconf 80' lang='lat' dir='ltr'>hae</span> <span class='ocrx_word' id='word_1_95' title='bbox 574 1786 804 1834; x_wconf 87' lang='lat' dir='ltr'>silescunt</span> <span class='ocrx_word' id='word_1_96' title='bbox 827 1787 994 1843; x_wconf 84' lang='lat' dir='ltr'>turbae,</span> <span class='ocrx_word' id='word_1_97' title='bbox 1017 1787 1198 1834; x_wconf 85' lang='lat' dir='ltr'>interea</span> <span class='ocrx_word' id='word_1_98' title='bbox 1223 1787 1271 1834; x_wconf 90' lang='lat' dir='ltr'>in</span> <span class='ocrx_word' id='word_1_99' title='bbox 1298 1786 1526 1851; x_wconf 86' lang='lat' dir='ltr'>angulum</span> 
     </span>
     <span class='ocr_line' id='line_1_20' title="bbox 195 1866 1525 1931; baseline 0.002 -18"><span class='ocrx_word' id='word_1_100' title='bbox 195 1866 374 1929; x_wconf 89' lang='lat' dir='ltr'>Aliquo</span> <span class='ocrx_word' id='word_1_101' title='bbox 401 1868 585 1927; x_wconf 85' lang='lat' dir='ltr'>abeam,</span> <span class='ocrx_word' id='word_1_102' title='bbox 613 1876 752 1931; x_wconf 89' lang='lat' dir='ltr'>atque</span> <span class='ocrx_word' id='word_1_103' title='bbox 778 1868 1098 1915; x_wconf 83' lang='lat' dir='ltr'>edormiscam</span> <span class='ocrx_word' id='word_1_104' title='bbox 1134 1869 1227 1916; x_wconf 90' lang='lat' dir='ltr'>hoc</span> <span class='ocrx_word' id='word_1_105' title='bbox 1252 1868 1366 1916; x_wconf 88' lang='lat' dir='ltr'>villi.</span> <span class='ocrx_word' id='word_1_106' title='bbox 1439 1867 1525 1917; x_wconf 76' lang='lat' dir='ltr'>Sic</span> 
     </span>
     <span class='ocr_line' id='line_1_21' title="bbox 395 1964 546 2013; baseline 0.007 -17"><span class='ocrx_word' id='word_1_107' title='bbox 395 1964 546 2013; x_wconf 87' lang='lat' dir='ltr'>agam.</span> 
     </span>
    </p>
   </div>
  </div>
 </body>
</html>
