1648 2738
409 97 663 135 ADELPHI.
714 102 816 134 Aer.
836 97 903 134 ιν.
937 98 1066 135 scm«.
1083 97 1119 133 7.
1395 91 1488 138 125

98 220 192 268 De.
229 220 309 267 Ah
333 222 475 268 stulte
496 222 506 269 ἶ
544 230 594 268 tu
619 222 677 268 de
701 220 894 283 psaltria
921 237 995 268 me
1019 220 1228 267 somnias

98 300 287 365 Agere:
341 300 433 346 hoo
472 310 723 362 peccatum
766 300 814 346 in
856 300 1087 363 virginem
1133 307 1204 346 est
1243 298 1410 346 civem.

291 380 380 428 Mi.
419 381 549 428 Scio,

99 458 193 507 De.
229 459 363 506 Eho!
401 460 528 506 scis?
564 468 610 506 et
628 461 822 522 patere?
891 459 979 506 Mi.
1015 458 1205 509 Quidni
1222 459 1411 521 patiar?

297 540 391 588 De.
429 540 523 586 Dic
549 540 680 598 mihi,

97 620 210 667 Non
254 621 466 667 clamas?
517 636 614 666 non
653 620 864 666 insanis?
932 619 1021 666 Mi.
1058 619 1187 667 Non.
1241 619 1409 666 Malim

327 701 486 746 uidem
523 738 532 747 .
572 737 580 747 .
621 738 629 747 .
669 738 678 747 .

97 780 189 828 De.
226 718 350 827 Pui-ir
375 790 612 827 natusest.
671 780 759 826 Μ.
798 780 861 827 Di
888 781 1009 827 bene
1029 781 1243 827 vortant!
1315 780 1409 828 De.

292 861 443 923 Virgo
468 862 583 907 nihil
611 863 766 908 habet.
1438 864 1489 904 10

98 942 184 989 Mi.
222 942 415 990 Audivi.
487 942 579 988 De.
617 942 679 987 Et
699 942 1147 988 ducendaindotata
1170 943 1260 989 'sti'
1318 942 1407 989 Μ.

293 1023 505 1069 Scilicet.

96 1104 188 1150 De.
237 1103 371 1153 Quid
421 1120 548 1150 nunc
596 1104 804 1149 futurum
852 1105 958 1150 est'!
1039 1103 1127 1150 Mi.
1165 1103 1223 1149 Id
1264 1103 1408 1160 enim,

291 1184 415 1245 quod
441 1200 515 1229 res
540 1184 641 1245 ipsa
667 1184 781 1230 fert:

95 1265 235 1311 Illinc
260 1265 354 1311 huc
379 1265 684 1311 transferetur
709 1265 856 1327 virgo.
927 1263 1021 1310 De.
1057 1263 1102 1309 O
1128 1263 1343 1325 Jupiter!

95 1346 336 1392 Istoeoine
397 1355 538 1407 paeto
599 1346 820 1407 oportet?
912 1344 998 1390 Mi.
1048 1343 1185 1394 Quid
1239 1343 1409 1390 faciam

293 1426 526 1487 amplius?

94 1507 187 1553 De.
225 1506 407 1556 “Quid
434 1506 611 1552 facias?
634 1507 658 1525 ’'
732 1506 784 1551 Si
811 1521 908 1550 non
934 1505 1034 1566 ipsfi.
1072 1520 1122 1550 re
1165 1504 1288 1550 istuc
1324 1504 1406 1550 tibi

291 1586 435 1644 dolet,
1437 1580 1486 1620 15

93 1667 330 1714 Simulare
379 1675 507 1713 certe
553 1675 624 1712 est
670 1665 889 1712 hominis.
981 1665 1069 1711 Μ.
1122 1664 1260 1714 Quin
1311 1664 1409 1727 jam

290 1748 520 1810 virginem

91 1829 366 1891 Despondi:
405 1844 478 1874 res
503 1827 765 1889 composita
789 1828 873 1872 'st:
910 1826 1028 1871 fiunt
1052 1826 1228 1887 nuptiae
1251 1842 1260 1871 :

92 1909 259 1956 Demsi
283 1917 462 1955 metum
487 1923 706 1954 omnem:
743 1907 846 1953 haee
871 1906 1022 1969 magis
1047 1915 1156 1952 sunt
1185 1906 1406 1952 hominis.

289 1989 382 2036 De.
421 1989 664 2045 Ceterum,

92 2070 257 2117 Placet
280 2069 365 2115 tibi
392 2069 583 2126 sactum,
612 2058 801 2113 Micio?
869 2066 958 2114 Im.
995 2066 1127 2124 Non,
1153 2066 1191 2112 si
1216 2082 1386 2128 queam

94 2149 314 2196 Mutare:
352 2165 497 2207 nunc,
525 2165 634 2194 cum
659 2164 754 2194 non
780 2164 920 2209 queo,
948 2164 1080 2208 aequo
1107 2148 1264 2193 animo
1291 2147 1403 2193 fero.
1433 2157 1484 2197 20

92 2232 166 2278 Ita
191 2232 284 2277 vita
308 2233 366 2276 'st
388 2231 649 2288 hominum,
677 2230 826 2291 quasi,
854 2245 963 2275 oum
990 2229 1125 2275 ludas
1150 2228 1365 2275 tesseris:

93 2312 145 2358 Si
172 2311 303 2365 illud,
330 2311 455 2372 quod
480 2326 698 2356 maxume
724 2326 840 2371 opus
866 2318 935 2356 est
953 2309 1101 2371 jactu,
1129 2325 1223 2354 non
1250 2308 1403 2366 cadit3

93 2392 233 2452 Illud,
259 2392 385 2455 quod
410 2391 588 2438 cecidit
613 2391 747 2450 sorte,
774 2390 821 2437 id
849 2399 947 2437 arte
973 2398 1026 2437 ut
1048 2389 1273 2453 corrigas,

501 2473 556 2519 11
576 2470 604 2499 ²¹⁵
