1648 2738
155 74 219 121 48
557 83 781 121 ANDmA.
832 84 936 122 AeT.
957 85 1024 122 1v.
1061 86 1190 122 Sem.
1213 87 1244 122 1.

152 216 201 256 10
228 207 326 254 Pa.
364 207 504 254 Ohe!
614 207 716 255 Da.
754 208 902 256 Visus
948 226 1067 257 sum.
1176 210 1276 257 Pa.
1312 210 1554 271 Ehodum,

426 288 552 336 bone
586 289 688 336 vir!
726 289 841 352 quid
878 289 983 337 ais?
1018 290 1174 337 viden’
1203 307 1280 339 me
1311 292 1406 339 tuis
1443 308 1557 340 con-

424 370 543 417 siliis

226 448 463 498 Miserum
498 451 782 515 impeditum
817 453 958 500 esse?
1044 452 1148 500 Da.
1176 453 1254 500 At
1284 453 1383 517 jam
1418 470 1556 518 expe·

422 531 564 580 diam.
686 533 785 580 Pa.
846 533 1125 596 Expedies'?
1227 534 1332 582 Da.
1392 535 1553 597 Certe,

422 613 685 677 Pamphile.

222 694 322 741 Pa.
384 695 590 759 Nempe,
638 705 690 743 ut
736 697 895 744 modo.
1022 697 1125 745 Da.
1163 697 1319 745 Immo
1366 699 1552 760 melius,

421 794 572 839 spero.
665 779 766 826 Pa.
821 777 928 826 Oh!
982 779 1071 826 tibi
1113 795 1204 844 ego
1247 789 1299 827 ut
1340 781 1552 842 credam,

421 859 620 907 furcifer
640 862 659 908 ‘f

221 938 303 986 Tu
328 955 429 986 rem
466 940 744 1003 impeditam
770 950 816 989 et
838 942 1074 1005 perditam
1110 943 1371 990 restituas?
1407 943 1517 991 hem
1539 945 1548 990 !

425 1039 519 1084 quo
545 1023 691 1070 fretus
717 1023 852 1082 siem,

218 1102 324 1153 Qui
349 1120 425 1150 me
450 1104 593 1152 hodie
629 1121 687 1152 ex
720 1105 1113 1167 tranquillissima
1145 1121 1196 1153 re
1222 1106 1475 1169 conjecisti
1501 1108 1549 1157 in

421 1186 625 1248 nuptias.

146 1281 194 1321 15
220 1269 301 1316 An
342 1284 440 1315 non
481 1268 578 1314 dixi
622 1268 715 1314 hoc
757 1283 860 1315 esse
902 1267 1152 1316 futurum?
1255 1270 1358 1317 Da.
1397 1270 1546 1318 Dixti.

416 1349 516 1397 Pa.
552 1349 690 1400 Quid
717 1349 951 1397 meritus?
1022 1350 1124 1397 Da.
1165 1351 1389 1399 Crucem.

219 1432 317 1479 Sed
357 1432 461 1478 sine
500 1431 747 1494 paululum
775 1431 832 1478 ad
858 1447 934 1478 me
965 1432 1190 1480 redeam:
1224 1433 1323 1496 jam
1367 1434 1543 1496 aliquid

415 1512 682 1575 dispiciam.
753 1512 853 1559 Pa.
893 1511 989 1559 Hei
1013 1512 1162 1560 mihi!

217 1594 317 1641 Cur
352 1610 449 1641 non
486 1594 640 1640 habeo
677 1593 898 1656 spatium,
925 1602 977 1640 ut
1002 1593 1060 1640 de
1084 1602 1132 1641 te
1157 1611 1342 1642 sumam
1367 1596 1544 1659 suppli-

414 1675 560 1735 cium,
586 1684 638 1722 ut
663 1675 807 1722 volo?

214 1756 439 1820 Namque
474 1757 568 1804 hoc
603 1766 806 1820 tempus,
835 1773 1105 1820 praecavere
1140 1758 1258 1805 mihi
1293 1775 1387 1819 me,
1412 1759 1539 1808 haud

411 1847 458 1887 te
483 1839 670 1899 ulcisci,
697 1839 822 1885 sinit.

551 2060 757 2104 ACTUS
791 2060 870 2103 IV.
925 2059 1129 2104 SCENA
1164 2060 1198 2103 1.

433 2187 714 2235 CHARINUS.
763 2187 1073 2235 PAMpfflms.
1122 2187 1310 2236 DAvus.

281 2321 366 2368 Ch.
406 2319 622 2366 HoccrN'
649 2328 720 2366 est
745 2319 990 2379 credibile,
1019 2328 1097 2367 aut
1122 2322 1447 2383 memorabile,

211 2403 374 2450 Tanta
398 2402 621 2449 vecordia
646 2401 810 2449 innata
834 2402 1056 2465 cuiquam
1083 2411 1135 2450 ut
1159 2403 1264 2462 siet,
