1648 2738
109 85 176 133 58
318 114 327 118 -
494 95 718 134 ANDRIA.
769 95 874 133 Aer.
894 95 962 132 1v.
999 96 1130 134 scm.
1147 96 1182 134 4.

108 228 160 268 20
186 221 289 270 Da.
328 222 540 285 Propera
566 222 684 269 adeo
706 238 907 285 puerum
929 221 1095 269 tollere
1119 221 1233 268 hine
1261 221 1318 268 ab
1349 219 1512 284 janua.

186 303 334 350 Mane
356 321 366 361 ;
406 320 521 350 cave
546 320 787 366 quoquam
809 319 868 350 ex
891 303 1047 349 isthoc
1072 286 1281 349 excessis
1305 303 1430 349 loeo.

188 385 290 448 My.
330 384 394 431 Di
420 395 466 432 te
491 385 738 432 eradicent
759 385 768 431 !
808 385 874 431 ita
897 400 973 431 me
999 383 1220 431 miseram
1244 384 1448 431 territas.

186 467 290 514 Da.
328 466 447 513 Tibi
488 482 579 530 ego
619 466 747 525 dieo,
793 482 852 512 an
893 466 1028 512 non?
1097 465 1202 528 My.
1238 464 1377 516 Quid
1412 464 1515 512 vis'!

385 546 488 593 Da.
526 547 607 592 An
633 546 777 592 etiam
802 562 943 609 rogas
956 546 975 592 ’ἶ

187 628 340 687 Cede,
367 628 530 691 cujum
553 644 756 690 puerum
781 627 860 673 hio
888 626 1186 689 apposuisti?
1223 625 1303 673 die
1328 626 1460 674 mihi.

109 724 160 763 25
186 711 291 774 My.
329 709 412 757 Tu
438 710 626 756 neseis?
696 709 800 756 Da.
839 708 982 755 Mitte
1008 708 1072 767 id,
1095 708 1223 770 quod
1249 708 1380 755 seio:
1418 707 1516 767 dio,

385 791 513 853 quod
537 806 670 853 rogo.

185 873 291 937 My.
327 873 502 920 Vestri.
563 872 668 919 Da.
706 871 858 934 Cujus
883 870 1063 918 vestri?
1120 871 1226 934 My.
1264 870 1517 934 Pamphili.

387 955 491 1002 Da.
530 953 686 1000 Hem!
725 953 878 1016 quid‘?
914 952 1187 1015 Pamphili?

187 1036 295 1100 M'y.
334 1035 473 1083 Eho!
514 1052 572 1082 an
597 1051 695 1081 non
720 1036 828 1082 est?
902 1033 989 1081 Ch.
1027 1033 1188 1081 Recte
1214 1049 1305 1097 ego
1331 1049 1520 1096 semper

387 1117 489 1181 fugi
514 1116 599 1163 has
623 1116 827 1178 nuptias.

189 1199 292 1247 Da.
330 1198 376 1246 O
419 1198 607 1246 facinus
650 1196 1126 1245 animadvertendum
1147 1196 1157 1242 !
1240 1195 1346 1259 My.
1382 1194 1522 1246 Quid

389 1281 607 1328 clamitas
625 1281 645 1328 ’ἒ

189 1363 293 1411 Da.
328 1362 560 1414 Quemne
583 1377 675 1426 ego
700 1360 803 1408 heri
822 1359 920 1407 vidi
943 1359 1001 1407 ad
1020 1375 1103 1407 vos
1124 1358 1281 1406 afferri
1303 1357 1521 1421 vesperi?

114 1453 164 1494 30
189 1445 295 1509 My.
332 1444 379 1492 O
405 1444 650 1491 hominem
677 1443 910 1490 audacem
932 1442 942 1489 2
1014 1441 1119 1488 Da.
1146 1440 1346 1488 Verum.
1406 1439 1523 1487 Vidi

389 1525 684 1573 Cantharam

192 1607 581 1656 Suffarcinatarn.
650 1605 756 1668 My.
794 1602 885 1652 Dis
907 1604 988 1667 pol
1014 1603 1169 1651 habeo
1193 1603 1389 1667 gratias,

192 1690 318 1737 Cum
345 1689 393 1737 in
417 1688 655 1752 pariundo
681 1687 861 1749 aliquot
887 1686 1123 1732 affuerunt
1145 1685 1323 1732 liberae.

192 1771 295 1819 Da.
333 1770 425 1818 Nae
451 1770 532 1817 illa
556 1769 689 1816 illum
717 1767 846 1814 haud
871 1767 1021 1826 novit,
1061 1767 1199 1830 cujus
1236 1766 1384 1813 causa
1420 1765 1524 1813 haec

394 1851 579 1914 incipit.

194 1939 224 1961 “
244 1934 493 1992 Chremes,
519 1932 559 1979 si
581 1930 792 1994 positum
810 1945 1013 1992 puerum
1040 1938 1149 1977 ante
1186 1929 1311 1976 aedes
1335 1927 1523 1986 viderit,

119 2027 169 2066 35
197 2018 345 2064 Suam
371 2023 564 2078 gnatam
588 2028 687 2059 non
723 2011 902 2058 dabit.”
980 2010 1145 2057 Tanto
1170 2009 1333 2057 hercle
1367 2009 1520 2073 magis

395 2094 541 2141 dabit.

201 2179 287 2228 Gli.
325 2177 440 2225 Non
466 2176 628 2223 hercle
662 2176 821 2223 faciet.
892 2175 995 2222 Da.
1034 2174 1182 2221 Nunc
1210 2175 1346 2233 adeo,
1385 2182 1438 2220 ut
1473 2182 1524 2220 tu

397 2260 461 2306 sis
486 2258 660 2316 sciens,

200 2342 310 2389 Nisi
329 2356 529 2403 puerum
550 2338 693 2396 tollis,
715 2338 813 2400 jam
835 2354 925 2401 ego
945 2337 1075 2383 hune
1112 2337 1159 2383 in
1180 2337 1386 2383 mediam
1404 2336 1526 2382 viam

201 2422 482 2471 Provolvam
506 2437 514 2468 :
552 2430 695 2482 teque
720 2419 896 2466 ibidem
923 2419 1194 2482 pervolvam
1222 2420 1270 2465 in
1298 2419 1412 2466 luto.
