1648 2738
124 80 217 128 lOS
502 89 760 126 ADELPm.
813 89 902 125 Acw
936 87 1007 124 111.
1043 89 1171 124 Sem.
1187 89 1223 123 5.

114 221 167 262 50
193 213 425 262 Fuimus:
461 222 792 276 paupertatem
819 213 914 259 una
938 213 1221 275 pertulimus
1246 228 1454 276 gravem.

188 295 500 359 Quapropter
527 295 697 354 enitar,
726 295 917 353 faciam,
945 295 1159 357 experiar
1182 312 1190 341 :
1228 294 1436 356 denique

191 378 419 425 Animam
446 377 711 440 relinquam
737 377 914 439 potius,
942 393 1083 438 quam
1109 376 1214 423 illas
1235 377 1465 423 deseram.

189 459 325 510 Quid
348 459 465 505 mihi
485 458 778 520 respondes?
849 457 944 504 De.
986 456 1200 503 Fratrem
1222 457 1524 515 conveniam,

392 540 553 603 Hegio
577 557 586 586 :

190 622 239 669 Is
278 622 406 684 quod
451 622 566 668 mihi
606 621 664 668 de
705 622 794 668 hac
836 637 886 667 re
933 621 1119 667 dederit
1167 620 1440 680 consilium,
1477 620 1525 667 id

389 721 572 767 sequar.

112 790 165 829 55
190 786 284 833 He.
339 786 452 844 Sed,
501 786 704 844 Demea,
753 786 845 831 hoc
893 795 944 831 tu
992 784 1136 832 facito
1158 802 1166 831 :
1216 800 1328 831 cum
1366 784 1527 831 animo

390 869 593 933 cogites,

188 952 353 1003 Quam
381 968 463 998 vos
488 951 729 998 facillume
759 951 927 1014 agitis:
967 967 1107 1013 quam
1135 950 1249 997 estis
1272 964 1495 996 maxume

190 1034 435 1092 Potentes,
463 1033 601 1091 dites,
628 1033 872 1091 fortunati,
899 1033 1086 1079 nobiles
1102 1050 1112 1090 3

191 1115 318 1162 Tam
344 1131 564 1161 maxume
589 1130 671 1160 vos
697 1130 832 1176 aequo
861 1115 1020 1160 animo
1046 1130 1183 1176 aequa
1206 1129 1410 1160 noscere

189 1196 412 1259 Oportet,
439 1196 478 1242 si
504 1212 587 1242 vos
613 1196 754 1242 voltis
776 1195 1020 1258 perhiberi
1045 1196 1235 1257 probos.

113 1285 164 1326 60
191 1278 284 1326 De.
324 1278 537 1324 Redito:
575 1277 707 1336 fient,
734 1294 838 1339 quae
863 1277 965 1324 fieri
993 1293 1179 1338 aequom
1203 1279 1278 1336 'st‚
1305 1277 1481 1324 omnia.

190 1359 286 1407 He.
326 1359 483 1406 Decet
528 1367 575 1405 te
617 1358 790 1406 facere.
881 1358 1020 1417 Geta,
1059 1358 1155 1404 duc
1191 1374 1267 1405 me
1304 1358 1430 1406 intro
1468 1359 1527 1406 ad

389 1442 669 1487 Sostratam.

190 1522 284 1569 De.
323 1521 439 1568 Non
481 1537 559 1569 me
600 1521 845 1568 indicente
884 1521 987 1568 haec
1027 1521 1173 1568 fiunt:
1212 1521 1395 1568 utinam
1435 1521 1525 1569 hoc

390 1603 450 1650 sit
474 1603 618 1650 modo

191 1685 517 1733 Defunctum!
555 1701 719 1732 verum
744 1685 894 1731 nimia
919 1684 1042 1731 illaec
1066 1685 1264 1732 licentia

190 1767 415 1814 Profecto
441 1767 609 1813 evadet
635 1767 683 1813 in
711 1766 900 1828 aliquod
927 1782 1153 1830 magnum
1181 1766 1373 1813 malum.

113 1857 165 1897 65
191 1848 296 1909 Ibo,
316 1865 372 1896 ac
394 1848 635 1910 'requiram
656 1848 865 1907 fratrem,
889 1857 939 1894 ut
965 1848 1012 1894 in
1034 1864 1143 1894 eum
1169 1848 1273 1895 haec
1293 1864 1510 1896 evomam

711 2074 917 2119 SCENA
949 2075 1004 2117 V.

767 2202 950 2249 Hssfflo.

261 2337 404 2385 Bono
431 2336 590 2383 animo
616 2335 692 2383 sac
729 2336 810 2395 sis,
849 2338 1094 2394 Sostrata;
1133 2347 1179 2384 et
1205 2349 1359 2397 istam,
1397 2337 1522 2401 quod

390 2433 546 2482 potos,
