1648 2738
134 87 199 135 60
525 97 749 134 ANmuA.
800 98 904 136 Aer.
923 99 992 135 1v.
1029 99 1157 136 sm«.
1174 100 1209 136 5.

133 221 185 259 55
211 219 315 266 Da.
352 220 558 267 Paulum
596 221 827 271 interesse
865 239 1050 283 censes,
1089 240 1148 271 ex
1173 224 1333 271 animo
1370 224 1550 284 omnia,

211 301 277 349 Ut
302 301 391 349 fert
415 312 602 363 natura,
631 305 797 365 facias,
825 322 884 352 an
909 305 970 353 de
994 305 1268 354 industria?

732 527 893 571 SCEN
897 529 936 571 A
969 527 1026 571 V.

545 654 723 702 Cnrro.
784 654 966 703 MYs1s.
1026 655 1217 704 DAvus.

284 786 366 835 Cr.
404 787 466 835 ΙΝ
491 788 583 835 hac
608 788 851 836 habitdsse
885 788 1045 851 platezi
1082 789 1266 836 dictum
1305 790 1364 836 ’st
1398 789 1548 853 Chry-

415 870 585 929 sidem,

212 950 342 1002 Quae
368 968 472 999 sese
498 952 750 999 inhoneste
775 951 955 1014 optavit
976 967 1146 1013 parere
1171 951 1252 999 hic
1277 951 1467 999 divitias

213 1032 399 1093 Potius,
426 1050 567 1095 quam
594 1033 643 1080 in
667 1033 822 1096 patriti
847 1033 1046 1080 honeste
1070 1049 1250 1096 pauper
1275 1033 1447 1081 vivere.

215 1114 334 1178 Ejus
359 1125 512 1162 morte
537 1132 593 1162 ea
620 1116 677 1162 ad
702 1132 778 1162 me
798 1115 906 1179 lege
930 1115 1177 1162 redierunt
1203 1116 1345 1162 bona.

163 1186 190 1225 5
217 1196 315 1243 Sed
362 1213 482 1259 quos
527 1198 820 1259 perconter?
888 1196 1061 1244 Video.
1147 1196 1352 1244 Salvete.
1439 1195 1545 1259 My.

415 1277 635 1325 Obsecro

214 1360 382 1411 Quem
407 1359 585 1407 video?
643 1318 744 1407 ’Est
767 1376 829 1407 ne
854 1359 934 1406 hic
960 1359 1113 1419 Crito,
1140 1359 1363 1407 sobrinus
1398 1360 1550 1424 Chry-

415 1440 569 1488 sidis?

217 1522 267 1571 Is
304 1532 388 1570 est.
464 1522 545 1571 Cr.
582 1522 629 1570 O
676 1521 859 1586 Mysis!
898 1522 1039 1570 salve.
1116 1523 1220 1587 My.
1260 1522 1429 1569 Salvos
1465 1523 1546 1582 sis,

417 1605 568 1653 Crito.

222 1687 303 1736 Cr.
340 1687 479 1735 Itane
501 1687 739 1750 Chrysis?
775 1687 915 1734 hem!
975 1687 1081 1750 My.
1120 1686 1226 1733 Nos
1251 1686 1443 1748 quidem
1468 1684 1545 1748 pol

417 1770 615 1816 miseras
638 1769 862 1832 perdidit.

223 1851 304 1899 Cr.
340 1851 479 1902 Quid
519 1853 640 1898 vos?
709 1867 804 1913 quo
843 1859 987 1913 pacto
1028 1850 1146 1897 hic?
1199 1849 1336 1896 satin'
1383 1849 1547 1895 recte?

417 1931 522 1994 My.
561 1931 767 1978 Nosne?
804 1931 888 1977 sic.

144 2026 192 2066 10
219 2013 283 2061 Ut
307 2013 513 2075 quimus,
542 2013 691 2072 aiunt,
718 2012 926 2074 quando,
952 2020 1005 2058 ut
1029 2011 1264 2070 volumuS,
1292 2029 1390 2058 non
1417 2012 1545 2060 licet.

223 2095 304 2144 Cr.
340 2095 478 2145 Quid
521 2095 838 2157 Glycerium?
891 2094 988 2158 jam
1037 2093 1118 2140 hic
1168 2109 1279 2139 suos
1326 2103 1548 2157 parentes

419 2177 664 2238 repperit?

220 2259 325 2323 My.
362 2258 588 2306 Utinam!
663 2257 744 2305 C'r.
794 2257 875 2304 An
921 2256 1135 2304 nondum
1181 2255 1364 2304 etiam?
1424 2257 1549 2304 haud

422 2338 668 2401 auspicato
692 2338 788 2384 huc
812 2353 888 2385 me
916 2336 1067 2384 attuli.
