1648 2738
413 95 667 133 ADELPHI.
724 93 827 133 A'c‘r.
850 95 897 131 V.
932 95 1112 131 Scmval.
1411 86 1505 136 133

107 221 263 284 Prope
281 220 377 283 jam
405 235 606 266 excurso
630 218 784 281 spatio
808 218 945 264 mitto
968 234 977 264 :
1015 217 1064 264 id
1086 217 1427 280 quamobrem?
1468 233 1471 237 ·

304 317 355 347 re
381 300 483 363 ipsa
506 299 709 362 repperi,

109 381 363 429 Facilitate
387 381 506 427 nihil
542 396 646 427 esse
689 378 873 426 homini
912 378 1098 438 meliuS‚
1139 394 1294 441 neque
1335 378 1428 425 cle-

305 461 500 509 mentia.

110 542 169 589 Id
192 558 297 590 esse
324 558 505 601 verum,
533 557 592 588 ex
618 557 694 587 me
715 549 854 602 atque
878 556 937 586 ex
961 540 1103 587 fratre
1136 539 1289 587 cuivis
1313 539 1427 586 faci-

307 623 351 669 le
377 624 436 669 'st
458 637 672 669 noscere.
712 658 716 663 .

109 703 197 750 Ille
221 719 355 750 suam
381 718 566 764 semper
591 701 689 765 egit
712 700 855 757 vitam
881 700 931 746 in
955 701 1070 760 otio,
1088 700 1136 747 in
1162 700 1392 747 conviviis
1414 717 1423 746 :

110 784 352 843 Clemens,
408 782 643 844 placidus,
700 781 818 827 nulli
874 781 1046 828 laedere
1104 796 1173 841 os,
1221 781 1427 828 arridere

306 863 528 910 omnibus
551 879 562 909 τ
1452 875 1503 914 10

110 944 216 992 Sibi
232 943 348 990 vixit
367 961 378 990 :
416 943 504 989 sibi
525 953 732 989 sumtum
753 942 867 988 fecit
888 959 897 989 :
923 958 1088 989 omnes
1103 943 1226 989 bene
1241 942 1424 1001 dicunt,

306 1033 478 1071 amant.

110 1105 217 1169 Ego
258 1105 337 1151 ille
377 1104 590 1168 agrestis,
629 1119 795 1161 saevuS,
833 1103 997 1161 tristiS,
1043 1118 1232 1165 parcus,
1269 1111 1427 1150 trucu-

305 1185 478 1244 lentus,
502 1193 660 1243 tenax,

110 1267 239 1315 Duxi
279 1282 504 1313 uxorem:
559 1281 699 1327 quam
743 1265 809 1311 ibi
855 1263 1094 1310 miseriam
1142 1263 1268 1311 vidi!
1327 1265 1427 1311 nati

307 1347 391 1394 filii
414 1364 422 1393 :

112 1428 225 1476 Alia
268 1444 396 1474 cura.
480 1427 630 1474 Porro
672 1434 846 1483 autem,
889 1424 983 1471 illis
1024 1424 1137 1471 dum
1173 1425 1342 1472 studeo
1376 1434 1429 1472 ut

309 1524 450 1570 quam
473 1507 730 1569 plurimum

113 1589 360 1647 Facerem,
379 1587 580 1635 contrivi
597 1587 644 1633 in
661 1586 916 1648 quaerendo
931 1585 1072 1632 vitam
1090 1594 1228 1648 atque
1244 1594 1428 1634 aetatem

310 1685 480 1715 meam.
1458 1677 1508 1716 15

114 1749 278 1809 Nunc,
305 1749 477 1796 exacta
501 1756 654 1806 aetate,
680 1747 773 1794 hoc
799 1747 940 1792 fructi
967 1747 1234 1809 pro-labore
1265 1748 1322 1794 ab
1356 1748 1429 1795 his

311 1829 427 1887 fero,

115 1911 293 1958 Odium
314 1927 323 1956 :
361 1910 439 1956 ille
466 1909 579 1955 alter
604 1909 707 1955 sine
730 1909 891 1956 labore
914 1908 1067 1971 patria
1089 1908 1267 1971 potitur
1303 1925 1430 1956 com-

312 1990 483 2036 moda:

113 2071 255 2119 Illum
283 2079 466 2127 amant3
503 2086 578 2116 me
615 2067 849 2132 fugitant:
887 2069 955 2115 illi
992 2069 1194 2117 credunt
1229 2070 1429 2118 consilia

312 2151 497 2198 omnia:

115 2232 256 2280 Illum
281 2232 516 2295 diligunt:
555 2231 678 2293 apud
713 2230 844 2277 illum
880 2238 990 2277 sunt
1028 2231 1196 2278 ambo:
1233 2247 1324 2295 ego
1351 2231 1430 2279 de·

312 2321 463 2360 sertus
487 2328 604 2359 sum.

329 2428 354 2454 ‘r
511 2407 570 2454 12
