1648 2738
416 54 636 91 ANDRIA.
686 54 790 91 Aer.
809 53 880 90 111.
916 54 1043 90 scm.
1061 53 1096 90 3.
1420 45 1487 93 43

97 178 223 228 Quae
249 178 439 240 incepta
464 195 490 224 a
511 177 683 240 parvis,
709 193 818 223 cum
844 185 981 224 aetate
1009 176 1215 223 accrevit
1238 175 1407 235 simul3

98 259 282 320 Perque
306 259 496 305 unicam
522 268 713 321 gnatam
737 267 884 316 tuam,
910 266 955 304 et
980 266 1177 320 gnatum
1200 273 1376 315 meum,

98 339 247 401 Cujus
271 339 357 385 tibi
381 347 589 401 potestas
614 355 798 385 summa
821 338 1039 385 servandi
1064 338 1228 395 datur3

96 419 159 466 Ut
183 435 259 466 me
286 421 475 482 adjuves
500 420 548 465 in
575 420 663 465 hac
688 435 766 465 re:
806 427 945 480 atque
969 419 1049 477 ita,
1075 427 1128 464 ut
1150 419 1327 480 nuptiae
1435 431 1484 470 10

97 500 306 547 Fuerant
331 501 515 559 futurae,
540 501 667 547 fiant.
742 499 826 546 Ch.
866 500 971 546 Ah!
997 515 1058 545 ne
1081 515 1157 545 me
1183 500 1407 557 obsecra3

94 579 250 630 Quasi
275 581 366 626 hoc
391 589 436 626 te
462 580 641 626 orando
668 596 693 626 a
717 595 792 626 me
818 579 1067 640 impetrare
1092 587 1320 640 oporteat.

96 661 261 707 Alium
303 677 405 707 esse
443 677 610 707 censes
647 656 777 706 nuuc
817 676 909 718 me,
953 668 1092 721 atque
1138 659 1252 705 olim
1299 675 1410 705 cum

290 741 460 786 dabam
475 742 494 787 Ἰ

95 822 147 868 Si
173 822 221 868 in
246 837 344 867 rem
371 829 441 867 est
465 820 668 881 utrique,
695 829 747 866 ut
770 820 900 878 fiant,
929 819 1101 866 arcessi
1122 819 1250 882 jube.

95 902 191 948 Sed
215 902 254 948 si
279 918 336 948 ex
360 902 413 948 ea
440 917 490 947 re
512 901 618 962 plus
641 900 751 946 mali
778 902 836 946 'st
860 917 1001 961 quam
1027 900 1267 947 commodi
1435 903 1484 942 15

93 983 307 1048 Utrique,
334 983 381 1028 id
406 998 490 1028 oro
513 990 576 1040 te,
603 981 651 1027 in
677 997 930 1027 commune
955 990 1006 1027 ut
1031 982 1279 1039 consulas;

91 1064 246 1114 Quasi
273 1064 354 1109 illa
377 1071 458 1109 tua
483 1062 558 1120 sit,
584 1061 914 1124 Pamphilique
940 1077 1030 1124 ego
1055 1061 1144 1107 sim
1167 1070 1314 1124 pater.

93 1144 166 1191 Si.
218 1143 372 1190 Immo
431 1143 496 1189 ita
548 1142 672 1201 volo,
733 1142 892 1203 itaque
933 1141 1138 1203 postulo,
1197 1150 1249 1188 ut
1310 1142 1407 1202 fiat,

287 1225 518 1271 Chreme:

92 1304 263 1366 Neque
307 1304 542 1366 postulem
585 1304 667 1349 abs
706 1311 769 1362 te,
811 1302 903 1349 nisi
946 1302 1046 1364 ipsa
1085 1319 1160 1349 res
1200 1310 1406 1350 moneat.

290 1384 376 1430 Ch.
412 1384 549 1434 Quid
574 1384 676 1430 est?

92 1465 162 1511 Si.
200 1464 288 1511 Irae
330 1473 439 1511 sunt
481 1464 602 1510 inter
638 1463 914 1525 Glycerium
952 1471 999 1509 et
1034 1471 1245 1526 gnatum.
1319 1463 1405 1509 Ch.

289 1545 466 1591 Audio.
1431 1549 1483 1589 20

92 1624 163 1671 Si.
199 1623 273 1671 Ita
296 1641 496 1687 magnae,
522 1632 574 1669 ut
598 1639 781 1685 sperem
804 1639 943 1685 posse
970 1622 1119 1669 avelli.
1195 1622 1279 1670 Cla.
1318 1623 1408 1670 Fa-

286 1704 409 1750 bulae
431 1705 440 1749 !

91 1785 162 1833 Si.
199 1785 423 1832 Profecto
459 1785 528 1834 sic
564 1793 647 1832 est.
723 1783 810 1831 Ch.
849 1784 932 1830 Sic
968 1783 1145 1842 hercle,
1172 1792 1224 1830 ut
1248 1783 1405 1830 dicam

285 1865 372 1912 tibi
395 1882 404 1912 :

92 1947 371 1994 Amantium
397 1947 477 1992 irae
504 1946 675 1992 amoris
700 1945 952 2008 integratio
975 1947 1046 1993 ’st.

92 2029 162 2075 Si.
201 2028 327 2074 Hem
349 2028 359 2074 l
398 2027 444 2073 id
469 2036 515 2074 te
541 2043 641 2085 oro,
668 2036 718 2072 ut
745 2036 852 2073 ante
876 2043 1055 2090 eamus,
1082 2026 1194 2072 dum
1219 2035 1406 2088 tempus

285 2109 438 2166 datur,

91 2190 315 2250 Dumque
339 2189 440 2251 ejus
464 2188 628 2234 lubido
653 2187 848 2234 occlusa
871 2189 929 2234 'st
954 2187 1255 2234 contumeliis
1278 2203 1286 2233 z
1427 2195 1479 2233 25

89 2269 228 2317 Prius
263 2285 401 2330 quam
438 2268 603 2314 harum
641 2267 837 2326 scelera,
863 2276 909 2314 et
932 2268 1155 2314 lacrumae
1185 2266 1402 2313 confictae

286 2348 423 2408 dolis,
