1648 2738
123 102 215 150 118
493 107 749 146 ADELPm.
800 107 905 145 Aer.
924 106 993 144 rv.
1028 106 1158 144 Sem.
1178 107 1213 143 5.

197 235 409 297 Usquam
436 234 610 281 efferri.
682 233 808 296 Age,
845 232 1011 279 mitto·
1049 232 1154 279 fieri
1188 231 1315 295 potis
1349 240 1437 291 est,
1474 241 1525 280 ut

396 332 456 363 ne
481 316 574 377 qua
600 323 751 362 exeat.

196 398 357 461 Ipsum
386 398 433 444 id
460 405 637 455 metuo,
664 405 716 442 ut
742 395 967 442 credant:
1005 403 1075 442 tot
1099 406 1395 443 concurrunt
1409 395 1527 442 veri-

394 478 582 525 similia.

198 560 404 623 Egomet
429 560 592 622 rapui:
631 559 732 621 ipse
768 566 958 622 egomet
993 557 1112 605 solvi
1152 566 1429 622 argentum:
1468 558 1527 606 ad

395 658 471 688 me
499 641 706 688 abducta
725 642 784 686 'st
809 640 1019 687 domum.

198 722 321 769 Haec
347 723 467 770 adeo
489 723 597 769 mea
623 721 766 784 culpa
789 720 937 769 fateor
962 721 1078 768 fieri.
1150 720 1198 768 N
1203 736 1265 767 on
1290 737 1367 768 me
1402 721 1529 768 hanc

396 821 495 851 rem
521 805 661 868 patri,

118 889 171 928 20
197 885 262 932 Ut
289 894 338 932 ut
363 896 463 932 erat
487 896 636 950 gesta,
664 886 942 934 indicasse?
1012 884 1321 943 Exorassem,
1347 893 1400 931 ut
1423 899 1530 932 eam

399 968 641 1015 ducerem.

199 1048 451 1095 Cessatum
497 1065 645 1112 usque
688 1049 845 1096 adhuc
881 1057 953 1095 est
976 1066 985 1095 :
1038 1064 1169 1095 nunc
1214 1063 1378 1110 porro,
1424 1047 1533 1095 AEs-

398 1131 558 1190 chine,
585 1131 918 1194 expergiscere
940 1131 950 1177 !

199 1211 349 1259 Nunc
375 1213 467 1259 hoc
491 1212 697 1275 primum
724 1221 826 1259 est:
866 1212 924 1259 ad
966 1211 1071 1258 illas
1110 1211 1207 1270 ibo,
1246 1220 1297 1257 ut
1330 1225 1532 1275 purgem

397 1309 474 1340 me
497 1311 506 1341 :
546 1294 774 1341 accedam
802 1293 859 1340 ad
886 1294 1024 1340 foreS.

204 1375 329 1423 Perii
351 1377 360 1423 ἒ
399 1376 628 1422 horresco
644 1391 848 1438 semper,
868 1375 948 1422 ubi
972 1374 1158 1437 pultare
1179 1374 1325 1420 hasce
1341 1372 1534 1436 occipio

398 1456 556 1504 miser.

201 1538 366 1586 Heus!
405 1538 550 1586 heus!
588 1538 854 1585 AEschinus
878 1554 969 1602 ego
989 1554 1122 1585 sum:
1164 1536 1343 1600 aperite
1365 1535 1534 1599 aliquis

401 1631 614 1668 actutum
641 1621 831 1669 ostium.

122 1718 176 1758 25
201 1703 369 1751 Prodit
392 1703 559 1751 nescio
588 1703 694 1766 quis
717 1720 725 1750 :
765 1702 1030 1750 concedam
1057 1702 1166 1750 huc.

720 1929 926 1974 SCENA
963 1929 1018 1973 V.

615 2057 789 2105 Mrc10.
839 2056 1136 2104 AEscmNus.

273 2191 365 2240 Mi.
401 2190 511 2250 ITA,
537 2190 606 2238 uti
632 2190 747 2249 dixi,
774 2191 1007 2249 Sostrata,

206 2273 376 2321 Facite
397 2289 406 2320 ε
433 2288 525 2336 ego
545 2272 833 2319 AEschinum
857 2270 1167 2329 conveniam
1207 2281 1275 2331 ut,
1296 2269 1537 2334 quomodo

409 2363 515 2402 acta
540 2354 642 2401 haec
668 2354 778 2412 sint,
805 2353 939 2401 sciat.
