1648 2738
464 116 716 155 ADELPHI.
765 117 867 154 Ac'r.
887 117 917 153 Ι.
950 117 1076 154 Scmt.
1094 117 1128 152 2.
1426 108 1485 156 Sl

609 333 811 378 SCENA
852 334 907 378 ΙΙ.

544 460 747 507 ΒΕΜΕΑ.
784 459 958 507 Μιοιο.

169 594 262 641 De.
299 593 481 639 Eum!
519 601 811 655 opportune:
847 601 893 638 te
918 591 1071 653 ipsum
1096 591 1306 654 quaerito.

104 674 195 721 Mi.
229 673 361 725 Quid
388 673 534 719 mstis
558 673 640 719 es'!
709 672 803 719 De.
841 671 1008 734 Rogas
1032 688 1123 730 me,
1161 671 1241 717 ubi
1280 671 1413 717 nobis

300 752 563 799 AEsohinus

104 832 222 891 siet,
243 832 356 893 quid
380 831 525 878 tristis
549 847 639 894 ego
663 831 786 877 sim?
854 831 942 877 Mi.
980 830 1140 876 Dixin'
1165 830 1255 876 hoo
1281 830 1413 876 fore?

102 913 238 964 Quid
279 912 424 959 feeit?
506 912 599 958 De.
638 911 825 962 “Quid
866 911 945 957 ille
987 911 1152 956 fecerit
1171 911 1179 957 !
1199 911 1224 931 ''
1275 926 1411 972 quem

298 1007 452 1053 neque
487 991 633 1052 pudet

102 1071 379 1133 Quidquam
401 1088 411 1128 ;
441 1087 530 1117 neo
552 1070 719 1116 metuit
743 1085 1027 1131 quemquam
1048 1086 1058 1126 3
1085 1084 1239 1129 neque
1258 1069 1412 1131 legem

296 1159 433 1212 putat
1442 1141 1467 1179 5

104 1230 295 1278 Tenere
335 1246 385 1276 se
422 1229 597 1275 ullam:
640 1244 751 1275 nam
788 1228 883 1287 illa,
917 1244 1019 1290 quae
1053 1227 1254 1273 antehac
1291 1226 1415 1273 sacta

299 1318 423 1366 sunt,

105 1389 319 1436 Omitto:
368 1389 509 1435 modo
537 1388 650 1451 quid
682 1387 973 1451 designavit!
1044 1387 1133 1434 Im.
1169 1385 1415 1436 Quidnam

300 1470 347 1517 id
373 1471 479 1517 est?

107 1551 200 1598 De.
237 1549 385 1596 Fores
411 1549 610 1611 effregit,
638 1558 775 1609 atque
800 1547 847 1594 in
873 1548 997 1594 aedes
1022 1547 1158 1593 irruit

107 1630 330 1676 Alienas:
380 1629 530 1690 ipsum
573 1628 834 1685 dominum,
874 1635 1012 1687 atque
1054 1641 1243 1671 omnem
1288 1623 1419 1670 fami-

301 1708 430 1765 liam,

108 1789 340 1835 Mulcavit
365 1804 514 1849 usque
541 1787 596 1833 ad
624 1796 850 1832 mortem:
888 1785 1061 1847 eripuit
1086 1785 1330 1831 mulierem
1448 1784 1496 1823 10

105 1868 268 1919 Quam
295 1868 489 1913 amabat.
565 1866 786 1912 Clamant
810 1880 990 1922 omnes,
1018 1864 1361 1926 indignissume

108 1948 306 1994 Factum
333 1963 450 1992 esse.
522 1946 632 1991 Hoc
658 1944 927 1991 advenienti
952 1952 1066 2004 quot
1090 1943 1222 2000 mihi,
1249 1941 1419 1999 Micio,

109 2026 313 2074 Dixere!
352 2028 398 2072 in
424 2042 505 2072 ore
531 2028 588 2071 ’st
612 2025 740 2071 omni
767 2024 956 2086 popul-o.
1027 2023 1266 2084 Denique,

110 2107 163 2153 Si
188 2106 527 2153 conferendum
552 2104 817 2165 exemplum
843 2111 929 2160 est,
956 2118 1051 2148 non
1078 2102 1268 2148 fratrem
1294 2100 1421 2146 videt

109 2187 205 2233 Rei
231 2187 340 2232 dare
366 2200 574 2246 operam,
600 2183 697 2230 ruri
722 2198 825 2228 esse
850 2198 1045 2243 parcum
1073 2197 1127 2227 ac
1152 2180 1398 2227 sobrium?
1448 2179 1498 2216 15

111 2267 309 2314 Nullum
355 2265 493 2327 hujus
540 2264 692 2310 simile
740 2264 931 2310 factum.
1020 2262 1142 2308 Haeo
1185 2277 1294 2308 cum
1334 2259 1419 2317 illi,

306 2344 475 2402 Micio,

112 2426 253 2486 Dico,
277 2425 363 2472 tibi
389 2424 526 2470 dico:
561 2432 613 2470 tu
638 2422 770 2470 illum
795 2421 1035 2484 eorrumpi
1059 2420 1177 2467 sinis
