1648 2738
417 60 639 98 ANDRIA.
690 59 795 95 AcT.
814 57 863 93 V.
901 57 1029 92 Scmv.
1049 58 1084 90 4.
1421 47 1486 95 67

102 188 344 236 Chreme?
437 185 522 232 Ch.
574 184 639 230 At
697 182 888 228 tandem
946 180 1075 225 dicat
1133 177 1248 224 sine.
1342 176 1411 225 Si.

296 267 419 330 Age,
446 266 602 321 dieat3
640 264 758 310 sino.

104 347 199 400 Ra.
237 347 343 410 Ego
384 362 459 392 me
502 360 658 392 amare
699 344 840 399 hanc,
884 341 1046 386 fateor.
1132 339 1184 385 Si
1231 338 1279 384 id
1306 353 1416 400 peo-

300 443 409 474 care
435 428 509 485 'st,
536 426 684 472 fateor
710 423 757 469 id
785 436 989 484 quoque.
1442 419 1494 458 25

103 509 235 568 Tibi,
275 517 425 571 pater,
468 522 543 553 me
584 505 738 551 dedo:
781 502 966 565 quidvis
1002 502 1161 546 oneris
1197 499 1415 561 impone;

300 590 493 650 impera.

109 671 192 718 Vis
217 686 292 717 me
330 684 523 716 uxorem
561 665 771 712 ducere?
808 664 933 709 hano
973 662 1043 708 vis
1085 661 1333 708 amittere?
1371 668 1421 706 ut

301 759 485 811 potero,
513 748 676 794 feram.

110 830 217 878 Hoc
242 829 384 876 modo
408 838 454 875 te
480 829 696 884 obsecro,
724 834 775 872 ut
799 841 859 871 ne
884 824 1051 871 credas
1077 839 1104 869 a
1137 839 1213 868 me
1251 821 1422 885 allega-

303 918 403 956 tum
428 909 556 953 hune
583 922 758 953 senem.

109 992 224 1039 Sine
249 1006 324 1037 me
349 1004 623 1051 expurgem,
647 996 785 1047 atque
811 985 942 1031 illum
969 985 1064 1030 huc
1090 999 1253 1029 eoram
1280 982 1424 1030 addu-

307 1087 424 1117 cam.
497 1069 567 1115 Si.
606 1067 875 1114 Addueass?
944 1065 1041 1111 Pa.
1082 1065 1214 1122 Sine,
1240 1073 1386 1125 pater.

112 1152 199 1200 Ch.
238 1152 448 1213 AEquum
484 1148 718 1211 postulat:
769 1148 830 1193 da
870 1146 1072 1192 veniam.
1152 1144 1252 1190 Pa.
1308 1143 1425 1190 Sine

304 1240 351 1278 te
376 1231 468 1277 hoo
493 1245 700 1276 exorem.
772 1227 842 1273 Si.
882 1227 1014 1273 Sino.
1453 1238 1503 1278 30

109 1313 317 1365 Quidvis
342 1311 500 1373 cupio,
527 1311 638 1356 dum
665 1325 724 1355 ne
761 1309 817 1354 ab
855 1308 946 1353 hoc
988 1322 1062 1353 me
1098 1305 1195 1352 falli
1237 1320 1426 1368 compe-

309 1393 420 1450 riar,
446 1391 667 1438 Chreme.

118 1475 200 1522 012..
237 1474 332 1521 Pro
366 1480 565 1535 peceato
607 1485 780 1533 magno
819 1468 1012 1531 paulum
1052 1465 1273 1529 supplicii
1314 1465 1427 1513 satis

310 1562 382 1600 est
404 1552 539 1616 patri.

616 1769 819 1814 SCENA
851 1768 928 1811 IV.

250 1900 425 1947 Cnrro.
474 1898 738 1944 CHREMES.
789 1895 930 1941 Smo.
978 1893 1287 1940 PAmpmsz.

191 2032 270 2080 C'r.
308 2030 480 2078 ΜΙΤΤΕ
525 2045 702 2075 oraret.
729 2043 824 2072 una
865 2026 1032 2072 harum
1077 2023 1253 2086 quaevis
1288 2038 1433 2070 causa

318 2126 410 2170 me,
435 2118 487 2157 ut
510 2110 698 2166 faciam,
724 2115 914 2153 monet:

125 2193 213 2242 Vel
238 2203 306 2252 tu,
331 2191 402 2238 vel
429 2190 555 2252 quod
579 2205 741 2237 verum
767 2196 853 2246 est,
890 2186 962 2233 vel
1003 2185 1130 2249 quod
1165 2184 1255 2248 ipsi
1291 2182 1432 2246 cupio

320 2271 558 2335 Glycerio.
