1648 2738
425 89 676 126 ADELPHI.
726 89 828 133 on.
849 88 895 124 V.
931 88 1057 124 scm.
1076 88 1109 123 8.
1409 73 1502 128 139

110 213 203 260 De.
240 213 349 276 Age
370 230 379 260 :
433 213 562 274 quid,
601 212 639 258 si
681 211 795 273 quid
835 220 882 258 te
922 211 1074 273 majus
1113 210 1247 256 oret'!
1333 208 1421 256 Mi.

303 293 460 345 Quasi
484 309 580 340 non
606 293 697 338 hoc
721 292 782 339 sit
806 308 1094 338 maxumum.

108 374 202 422 De.
241 374 318 421 Da
357 374 557 422 veniam.
627 374 740 419 AEs.
778 372 857 419 Ne
893 388 1102 435 gravare.
1174 371 1267 417 De.
1304 370 1420 428 Fac,

302 455 539 517 promitte.
609 455 697 502 Mi.
735 452 850 500 Non
874 453 1085 499 omittis?

108 535 220 582 AEs.
259 536 390 595 Non,
415 535 508 582 nisi
532 545 578 582 te
604 550 807 581 exorem.
877 534 966 580 Mi.
993 534 1081 580 Vis
1104 543 1174 579 est
1199 534 1301 579 haec
1322 533 1422 595 qui-

303 617 424 663 dem.
462 616 554 663 De.
592 616 729 679 Age3
766 614 964 677 prolixe,
990 613 1159 660 Micio.
1445 611 1496 650 20

106 696 195 743 Mi.
233 696 338 743 Etsi
364 697 456 742 hoc
481 696 597 742 mihi
630 712 843 758 pravum,
881 695 1109 756 ineptum,
1148 694 1418 752 absurdum,

306 786 445 838 atque
472 777 677 823 alienum
705 793 731 823 a
755 776 849 822 vita
875 777 981 822 mea

106 857 307 904 Videtur
327 875 338 915 3
375 858 414 904 si
439 874 520 903 vos
545 865 790 920 tantopere
814 858 936 904 istuc
961 856 1114 915 voltis,
1140 857 1233 902 fiat.
1305 855 1418 902 AEs.

301 938 432 985 Bene
458 938 602 984 facis:

106 1017 283 1065 Merito
306 1026 352 1065 te
388 1033 507 1064 amo.
580 1018 671 1065 De.
710 1018 897 1077 Verum,
950 1017 1063 1078 quid
1103 1032 1193 1079 ego
1228 1016 1418 1063 dicam?

299 1097 410 1143 Hoc
435 1097 597 1156 confit,
623 1097 748 1159 quod
774 1096 896 1143 volo.

102 1177 239 1228 Quid
262 1193 408 1236 nunc,
432 1179 559 1239 quod
584 1178 763 1224 restat?
832 1176 993 1239 Hegio
1012 1176 1086 1222 his
1104 1185 1174 1223 est
1190 1187 1421 1239 cognatus

299 1274 572 1320 proxumus,

105 1338 278 1385 Affinis
313 1339 467 1397 nobis,
504 1355 682 1401 pauper
705 1356 714 1385 ε
753 1339 873 1385 bene
915 1354 1002 1385 nos
1044 1338 1221 1400 aliquid
1265 1338 1422 1385 facere

300 1419 368 1466 illi
393 1420 545 1467 decet.

104 1500 192 1546 Mi.
228 1500 365 1550 Quid
391 1501 583 1547 facere?
653 1500 745 1547 De.
783 1499 944 1563 Agelli
969 1509 1040 1547 est
1075 1499 1155 1546 hie
1179 1500 1267 1546 sub
1304 1501 1421 1547 urbe

301 1581 507 1643 paulum,
534 1581 660 1641 quod
684 1580 854 1627 locitas
879 1581 1030 1627 foras:

105 1660 236 1706 Huic
255 1661 436 1719 demus,
455 1661 534 1722 qui
552 1661 745 1708 fruatur.
815 1661 905 1707 Mi.
943 1661 1146 1707 Paulum
1166 1661 1213 1707 id
1234 1662 1421 1708 autem?

299 1741 391 1787 De.
429 1741 482 1787 Si
506 1742 706 1787 multum
731 1742 836 1799 siet,
862 1750 1020 1788 tamen

104 1822 406 1868 Faciundum
432 1831 530 1868 est:
566 1839 651 1884 pro
677 1832 808 1884 patre
845 1822 958 1868 huic
992 1830 1093 1868 est:
1133 1823 1285 1868 bonus
1319 1832 1419 1869 est:

298 1912 457 1949 noster
482 1912 553 1949 est
574 1920 583 1949 :
621 1912 750 1949 recte
774 1903 925 1950 datur.

103 1984 349 2031 Postremo
374 2000 470 2030 non
495 2000 653 2030 meum
678 1984 795 2030 illud
819 1984 1015 2030 verbum
1040 1984 1180 2042 facio,
1201 1984 1328 2046 quod
1351 1993 1419 2042 tu,

297 2063 467 2121 Micio,
682 2066 685 2069 ’

103 2144 235 2190 Bene
259 2152 307 2190 et
346 2144 582 2205 sapienter
619 2143 737 2189 dixti
775 2143 981 2189 dudum:
1020 2143 1254 2190 “Vitium
1291 2159 1418 2189 com-

297 2239 440 2269 mune
464 2223 675 2268 omnium
701 2230 786 2280 est,
1439 2241 1488 2281 30

100 2302 250 2354 Quod
274 2303 475 2349 nimium
501 2303 558 2349 ad
582 2319 681 2348 rem
707 2302 755 2348 in
780 2303 974 2348 senecta
1002 2303 1167 2350 attenti
1203 2303 1411 2348 sumus.''

297 2383 439 2430 Hanc
465 2384 699 2430 maculam
724 2399 812 2430 nos
835 2383 974 2430 decet

1445 1412 1496 1451 25
