1648 2738
487 66 706 102 ANDRIA.
757 67 860 102 Ac‘r.
880 66 927 101 V.
963 67 1089 103 Scmz.
1111 70 1146 103 4.
1460 62 1524 109 69

143 188 248 252 Ego
294 189 458 236 isthaeo
503 205 687 248 moveo,
737 198 816 236 aut
862 192 1014 236 euro?
1072 207 1168 237 non
1220 199 1272 237 tu
1316 199 1451 238 tuum

337 270 512 316 malum
539 286 673 331 aequo
701 271 858 316 animo
883 271 1038 317 feres?

141 349 284 409 Nam,
312 366 399 413 ego
425 367 526 412 quae
553 352 679 410 dieo,
706 367 816 397 vera
854 367 910 396 an
949 352 1065 397 falsa
1101 353 1321 411 audieris,
1353 354 1448 415 jam

337 431 447 477 sciri
472 440 641 494 potest.

141 512 333 558 Atticus
358 512 548 573 quidam
575 513 704 570 olim,
731 513 836 558 navi
876 513 1042 571 fracte,
1071 514 1194 575 apud
1230 514 1450 560 Andrum

335 593 514 655 ejectus
538 602 623 651 est,
1475 607 1526 648 20

140 671 202 718 Et
225 672 390 719 isthaec
417 674 510 719 un&
534 689 676 735 parva
696 665 841 736 virgo.
901 673 1031 720 Tum
1060 674 1137 721 ille
1163 691 1308 738 egens
1332 676 1453 723 forte

337 753 539 815 applicat

140 832 352 879 Primum
380 833 437 879 ad
473 833 722 895 Chrysidis
756 843 940 895 patrem
974 851 1038 881 se.
1109 835 1180 882 Si.
1218 836 1451 883 Fabulam

335 913 555 975 inceptat.
631 914 716 960 Ch.
756 916 884 961 Sine.

143 993 224 1041 Cr.
272 993 409 1040 Itane
465 1009 576 1040 vero
632 995 890 1041 obturbat?
980 995 1064 1042 Ch.
1114 996 1281 1060 Perge.
1368 996 1448 1045 C'r.

334 1073 464 1120 Tum
490 1074 529 1120 is
554 1074 671 1120 mihi
696 1084 928 1138 cognatus
954 1076 1058 1134 fuit,

137 1154 241 1205 Qui
266 1170 375 1202 eum
399 1155 592 1217 recepit.
664 1155 738 1201 Ibi
780 1172 870 1219 ego
914 1157 1071 1203 audivi
1115 1172 1173 1203 ex
1213 1157 1310 1217 illo,
1347 1174 1452 1206 sese

335 1251 439 1282 esse
463 1235 697 1283 Attiourn.

139 1314 187 1361 Is
232 1314 298 1362 ibi
344 1324 559 1362 mortuus
605 1325 689 1364 est.
781 1316 865 1363 Ch.
905 1317 1023 1380 Ejus
1068 1320 1282 1365 nomen?
1368 1319 1449 1367 Cr.

334 1396 527 1443 Nomen
550 1405 645 1443 tam
672 1397 768 1443 cito
792 1398 915 1443 tibi?
986 1399 1181 1446 Phania.
1476 1417 1527 1457 25

142 1474 229 1523 Ch.
277 1475 434 1523 Hem!
491 1477 638 1538 perii!
725 1478 805 1524 Cr.
856 1479 1037 1524 Verum
1084 1480 1243 1526 hercle
1283 1480 1451 1542 opinor

335 1557 479 1603 fuisse
503 1557 761 1603 Phaniam:
798 1558 890 1604 hoo
916 1568 1046 1605 certo
1071 1560 1188 1617 scio,

139 1635 492 1682 Rhamnusium
536 1654 586 1683 se
626 1638 779 1684 aiebat
817 1654 933 1685 esse.
1021 1639 1105 1686 Cla.
1143 1640 1188 1686 O
1231 1640 1447 1702 Jupiter!

340 1717 420 1763 Cr.
459 1717 639 1764 Eadem
666 1718 784 1776 haeo,
811 1719 1034 1777 Chreme,

139 1794 283 1843 Multi
309 1797 388 1844 alii
414 1798 451 1847 ii,
487 1799 655 1844 Andro
680 1807 780 1844 tum
820 1799 1056 1846 audivere.
1133 1800 1216 1846 Ch.
1254 1800 1448 1848 Utinam

337 1878 384 1924 id
409 1878 463 1926 six
515 1879 638 1940 quod
663 1895 813 1940 spero.
885 1880 991 1925 Eho
1013 1881 1022 1926 !
1060 1881 1138 1926 dio
1164 1881 1296 1939 mihi,

138 1957 276 2008 Quid
322 1974 424 2005 eam
473 1967 573 2004 tom
610 1996 619 2006 .
658 1996 667 2005 .
707 1996 716 2006 .
758 1960 806 2005 ,Τ
865 1976 1060 2006 suamne
1107 1977 1209 2007 esse
1258 1962 1448 2009 aiebat?

338 2039 419 2085 Cr.
456 2039 585 2085 Non.
647 2039 732 2085 C'lz.
770 2040 941 2102 Cujam
975 2040 1154 2103 igitur?
1217 2042 1296 2088 Cr.
1338 2043 1449 2089 Fra·

337 2119 421 2165 tris
445 2119 604 2166 filiam.

144 2198 228 2246 Ch.
266 2199 409 2246 Certe
451 2217 554 2247 mea
594 2202 664 2248 'st.
741 2201 820 2247 Cr.
857 2201 993 2251 Quid
1034 2203 1134 2249 ais?
1205 2204 1275 2251 Si.
1313 2204 1449 2254 Quid

333 2288 384 2326 tu
411 2280 514 2327 ais?
581 2281 679 2327 Pa.
719 2281 892 2344 Arrige
919 2299 1070 2342 aures,
1097 2283 1356 2345 Pamphile.
1476 2296 1526 2336 30
